timestamp,epic,bid,ask,price,volume,timeframe
2026-03-11T03:34:11.195Z,CS.D.EURUSD.MINI.IP,1.1628,1.16286,1.16283,559,1h
2026-03-11T03:34:11.592Z,CS.D.GBPUSD.MINI.IP,1.34474,1.34489,1.344815,363,1h
2026-03-11T03:34:12.548Z,CS.D.EURUSD.MINI.IP,1.1628,1.16286,1.16283,175,1h
2026-03-11T03:34:12.892Z,CS.D.GBPUSD.MINI.IP,1.34475,1.3449,1.344825,421,1h
2026-03-11T03:34:13.963Z,CS.D.EURUSD.MINI.IP,1.16279,1.16285,1.16282,296,1h
2026-03-11T03:34:13.980Z,CS.D.EURUSD.MINI.IP,1.16279,1.16285,1.16282,238,1h
2026-03-11T03:34:14.326Z,CS.D.GBPUSD.MINI.IP,1.34475,1.3449,1.344825,1020,1h
2026-03-11T03:34:14.336Z,CS.D.GBPUSD.MINI.IP,1.34475,1.3449,1.344825,898,1h
2026-03-11T03:34:15.622Z,CS.D.EURUSD.MINI.IP,1.16279,1.16285,1.16282,218,1h
2026-03-11T03:34:15.960Z,CS.D.GBPUSD.MINI.IP,1.34477,1.34492,1.3448449999999998,239,1h
2026-03-11T03:34:16.928Z,CS.D.EURUSD.MINI.IP,1.16279,1.16285,1.16282,680,1h
2026-03-11T03:34:17.026Z,CS.D.EURUSD.MINI.IP,1.16279,1.16285,1.16282,893,1h
2026-03-11T03:34:17.314Z,CS.D.GBPUSD.MINI.IP,1.34477,1.34492,1.3448449999999998,1045,1h
2026-03-11T03:34:17.367Z,CS.D.GBPUSD.MINI.IP,1.34477,1.34492,1.3448449999999998,408,1h
2026-03-11T03:34:18.601Z,CS.D.EURUSD.MINI.IP,1.16279,1.16285,1.16282,452,1h
2026-03-11T03:34:18.935Z,CS.D.GBPUSD.MINI.IP,1.34476,1.34491,1.344835,901,1h
2026-03-11T03:34:19.967Z,CS.D.EURUSD.MINI.IP,1.16279,1.16285,1.16282,165,1h
2026-03-11T03:34:19.983Z,CS.D.EURUSD.MINI.IP,1.16279,1.16285,1.16282,167,1h
2026-03-11T03:34:20.306Z,CS.D.GBPUSD.MINI.IP,1.3448,1.34495,1.344875,483,1h
2026-03-11T03:34:20.332Z,CS.D.GBPUSD.MINI.IP,1.3448,1.34495,1.344875,925,1h
2026-03-11T03:34:22.932Z,CS.D.EURUSD.MINI.IP,1.16281,1.1629,1.162855,367,1h
2026-03-11T03:34:23.074Z,CS.D.EURUSD.MINI.IP,1.16281,1.1629,1.162855,184,1h
2026-03-11T03:34:23.283Z,CS.D.GBPUSD.MINI.IP,1.34483,1.34498,1.344905,726,1h
2026-03-11T03:34:23.405Z,CS.D.GBPUSD.MINI.IP,1.34483,1.34498,1.344905,287,1h
2026-03-11T03:34:24.612Z,CS.D.EURUSD.MINI.IP,1.16282,1.16291,1.162865,413,1h
2026-03-11T03:34:24.950Z,CS.D.GBPUSD.MINI.IP,1.34481,1.34496,1.344885,920,1h
2026-03-11T03:34:25.968Z,CS.D.EURUSD.MINI.IP,1.16282,1.16291,1.162865,799,1h
2026-03-11T03:34:26.001Z,CS.D.EURUSD.MINI.IP,1.16282,1.16291,1.162865,814,1h
2026-03-11T03:34:26.338Z,CS.D.GBPUSD.MINI.IP,1.34479,1.34494,1.344865,221,1h
2026-03-11T03:34:26.344Z,CS.D.GBPUSD.MINI.IP,1.34479,1.34494,1.344865,421,1h
2026-03-11T03:34:27.626Z,CS.D.EURUSD.MINI.IP,1.16282,1.16291,1.162865,1066,1h
2026-03-11T03:34:27.994Z,CS.D.GBPUSD.MINI.IP,1.34482,1.34497,1.344895,134,1h
2026-03-11T03:34:28.995Z,CS.D.EURUSD.MINI.IP,1.16283,1.16292,1.162875,1039,1h
2026-03-11T03:34:29.053Z,CS.D.EURUSD.MINI.IP,1.16283,1.16292,1.162875,280,1h
2026-03-11T03:34:29.398Z,CS.D.GBPUSD.MINI.IP,1.34482,1.34497,1.344895,140,1h
2026-03-11T03:34:29.412Z,CS.D.GBPUSD.MINI.IP,1.34482,1.34497,1.344895,174,1h
2026-03-11T03:34:30.686Z,CS.D.EURUSD.MINI.IP,1.16285,1.16294,1.162895,852,1h
2026-03-11T03:34:31.025Z,CS.D.GBPUSD.MINI.IP,1.34482,1.34497,1.344895,369,1h
2026-03-11T03:34:31.971Z,CS.D.EURUSD.MINI.IP,1.16285,1.16294,1.162895,131,1h
2026-03-11T03:34:32.007Z,CS.D.EURUSD.MINI.IP,1.16285,1.16294,1.162895,454,1h
2026-03-11T03:34:32.445Z,CS.D.GBPUSD.MINI.IP,1.34482,1.34497,1.344895,595,1h
2026-03-11T03:34:32.464Z,CS.D.GBPUSD.MINI.IP,1.34482,1.34497,1.344895,894,1h
2026-03-11T03:34:33.640Z,CS.D.EURUSD.MINI.IP,1.16285,1.16294,1.162895,716,1h
2026-03-11T03:34:33.970Z,CS.D.GBPUSD.MINI.IP,1.3448,1.34495,1.344875,156,1h
2026-03-11T03:34:34.988Z,CS.D.EURUSD.MINI.IP,1.16285,1.16294,1.162895,1098,1h
2026-03-11T03:34:35.094Z,CS.D.EURUSD.MINI.IP,1.16285,1.16294,1.162895,586,1h
2026-03-11T03:34:35.409Z,CS.D.GBPUSD.MINI.IP,1.34483,1.34498,1.344905,907,1h
2026-03-11T03:34:35.440Z,CS.D.GBPUSD.MINI.IP,1.34483,1.34498,1.344905,833,1h
2026-03-11T03:34:36.682Z,CS.D.EURUSD.MINI.IP,1.16286,1.16295,1.1629049999999999,661,1h
2026-03-11T03:35:23.147Z,CS.D.EURUSD.MINI.IP,1.16307,1.16316,1.163115,971,1h
2026-03-11T03:35:23.161Z,CS.D.EURUSD.MINI.IP,1.16307,1.16316,1.163115,653,1h
2026-03-11T03:35:23.500Z,CS.D.GBPUSD.MINI.IP,1.34515,1.34524,1.345195,362,1h
2026-03-11T03:35:23.521Z,CS.D.GBPUSD.MINI.IP,1.34515,1.34524,1.345195,977,1h
2026-03-11T03:35:24.833Z,CS.D.EURUSD.MINI.IP,1.16305,1.16314,1.163095,865,1h
2026-03-11T03:35:25.174Z,CS.D.GBPUSD.MINI.IP,1.34515,1.34524,1.345195,950,1h
2026-03-11T03:35:26.297Z,CS.D.EURUSD.MINI.IP,1.16305,1.16314,1.163095,820,1h
2026-03-11T03:35:26.311Z,CS.D.EURUSD.MINI.IP,1.16305,1.16314,1.163095,686,1h
2026-03-11T03:35:26.639Z,CS.D.GBPUSD.MINI.IP,1.34521,1.3453,1.3452549999999999,1031,1h
2026-03-11T03:35:26.648Z,CS.D.GBPUSD.MINI.IP,1.34521,1.3453,1.3452549999999999,770,1h
2026-03-11T03:35:27.855Z,CS.D.EURUSD.MINI.IP,1.16305,1.16314,1.163095,1080,1h
2026-03-11T03:35:28.193Z,CS.D.GBPUSD.MINI.IP,1.34514,1.34523,1.3451849999999999,841,1h
2026-03-11T03:35:29.172Z,CS.D.EURUSD.MINI.IP,1.16307,1.16316,1.163115,726,1h
2026-03-11T03:35:29.185Z,CS.D.EURUSD.MINI.IP,1.16307,1.16316,1.163115,649,1h
2026-03-11T03:35:29.501Z,CS.D.GBPUSD.MINI.IP,1.34522,1.34531,1.345265,800,1h
2026-03-11T03:35:29.533Z,CS.D.GBPUSD.MINI.IP,1.34522,1.34531,1.345265,176,1h
2026-03-11T03:35:30.854Z,CS.D.EURUSD.MINI.IP,1.16307,1.16316,1.163115,1047,1h
2026-03-11T03:35:31.204Z,CS.D.GBPUSD.MINI.IP,1.34519,1.34528,1.3452350000000002,145,1h
2026-03-11T03:35:32.193Z,CS.D.EURUSD.MINI.IP,1.16308,1.16317,1.163125,471,1h
2026-03-11T03:35:32.210Z,CS.D.EURUSD.MINI.IP,1.16308,1.16317,1.163125,821,1h
2026-03-11T03:35:32.545Z,CS.D.GBPUSD.MINI.IP,1.34519,1.34528,1.3452350000000002,574,1h
2026-03-11T03:35:32.558Z,CS.D.GBPUSD.MINI.IP,1.34519,1.34528,1.3452350000000002,844,1h
2026-03-11T03:35:33.865Z,CS.D.EURUSD.MINI.IP,1.16307,1.16316,1.163115,805,1h
2026-03-11T03:35:34.273Z,CS.D.GBPUSD.MINI.IP,1.3452,1.34529,1.345245,491,1h
2026-03-11T03:35:35.207Z,CS.D.EURUSD.MINI.IP,1.16307,1.16316,1.163115,235,1h
2026-03-11T03:35:35.224Z,CS.D.EURUSD.MINI.IP,1.16307,1.16316,1.163115,365,1h
2026-03-11T03:35:35.573Z,CS.D.GBPUSD.MINI.IP,1.34521,1.3453,1.3452549999999999,871,1h
2026-03-11T03:35:35.584Z,CS.D.GBPUSD.MINI.IP,1.34521,1.3453,1.3452549999999999,227,1h
2026-03-11T03:35:36.876Z,CS.D.EURUSD.MINI.IP,1.16307,1.16316,1.163115,698,1h
2026-03-11T03:36:23.374Z,CS.D.EURUSD.MINI.IP,1.16297,1.16303,1.163,750,1h
2026-03-11T03:36:23.436Z,CS.D.EURUSD.MINI.IP,1.16297,1.16303,1.163,616,1h
2026-03-11T03:36:23.780Z,CS.D.GBPUSD.MINI.IP,1.34497,1.34506,1.345015,868,1h
2026-03-11T03:36:23.826Z,CS.D.GBPUSD.MINI.IP,1.34497,1.34506,1.345015,554,1h
2026-03-11T03:36:25.037Z,CS.D.EURUSD.MINI.IP,1.16298,1.16304,1.1630099999999999,191,1h
2026-03-11T03:36:25.373Z,CS.D.GBPUSD.MINI.IP,1.34497,1.34506,1.345015,807,1h
2026-03-11T03:36:26.393Z,CS.D.EURUSD.MINI.IP,1.16299,1.16305,1.16302,317,1h
2026-03-11T03:36:26.396Z,CS.D.EURUSD.MINI.IP,1.16299,1.16305,1.16302,577,1h
2026-03-11T03:36:26.731Z,CS.D.GBPUSD.MINI.IP,1.345,1.34509,1.3450449999999998,561,1h
2026-03-11T03:36:26.737Z,CS.D.GBPUSD.MINI.IP,1.345,1.34509,1.3450449999999998,477,1h
2026-03-11T03:36:28.199Z,CS.D.EURUSD.MINI.IP,1.16299,1.16305,1.16302,459,1h
2026-03-11T03:36:28.531Z,CS.D.GBPUSD.MINI.IP,1.34501,1.3451,1.345055,853,1h
2026-03-11T03:36:29.413Z,CS.D.EURUSD.MINI.IP,1.16298,1.16304,1.1630099999999999,131,1h
2026-03-11T03:36:29.419Z,CS.D.EURUSD.MINI.IP,1.16298,1.16304,1.1630099999999999,166,1h
2026-03-11T03:36:29.745Z,CS.D.GBPUSD.MINI.IP,1.34502,1.34511,1.345065,329,1h
2026-03-11T03:36:29.756Z,CS.D.GBPUSD.MINI.IP,1.34502,1.34511,1.345065,608,1h
2026-03-11T03:36:31.142Z,CS.D.EURUSD.MINI.IP,1.16298,1.16304,1.1630099999999999,845,1h
2026-03-11T03:36:31.515Z,CS.D.GBPUSD.MINI.IP,1.345,1.34509,1.3450449999999998,1047,1h
2026-03-11T03:36:32.399Z,CS.D.EURUSD.MINI.IP,1.16299,1.16308,1.1630349999999998,1022,1h
2026-03-11T03:36:32.438Z,CS.D.EURUSD.MINI.IP,1.16299,1.16308,1.1630349999999998,187,1h
2026-03-11T03:36:32.734Z,CS.D.GBPUSD.MINI.IP,1.34503,1.34512,1.345075,1045,1h
2026-03-11T03:36:32.788Z,CS.D.GBPUSD.MINI.IP,1.34503,1.34512,1.345075,686,1h
2026-03-11T03:36:34.066Z,CS.D.EURUSD.MINI.IP,1.163,1.16309,1.1630449999999999,473,1h
2026-03-11T03:36:34.440Z,CS.D.GBPUSD.MINI.IP,1.34502,1.34511,1.345065,205,1h
2026-03-11T03:36:35.409Z,CS.D.EURUSD.MINI.IP,1.16302,1.16308,1.16305,978,1h
2026-03-11T03:36:35.418Z,CS.D.EURUSD.MINI.IP,1.16302,1.16308,1.16305,687,1h
2026-03-11T03:36:35.746Z,CS.D.GBPUSD.MINI.IP,1.34503,1.34512,1.345075,848,1h
2026-03-11T03:36:35.765Z,CS.D.GBPUSD.MINI.IP,1.34503,1.34512,1.345075,930,1h
2026-03-11T03:37:23.513Z,CS.D.EURUSD.MINI.IP,1.16303,1.16312,1.163075,1003,1h
2026-03-11T03:37:23.517Z,CS.D.EURUSD.MINI.IP,1.16303,1.16312,1.163075,262,1h
2026-03-11T03:37:23.846Z,CS.D.GBPUSD.MINI.IP,1.34508,1.34517,1.345125,935,1h
2026-03-11T03:37:23.849Z,CS.D.GBPUSD.MINI.IP,1.34508,1.34517,1.345125,197,1h
2026-03-11T03:37:24.736Z,CS.D.EURUSD.MINI.IP,1.16304,1.16313,1.1630850000000001,226,1h
2026-03-11T03:37:25.068Z,CS.D.GBPUSD.MINI.IP,1.34508,1.34517,1.345125,548,1h
2026-03-11T03:37:25.210Z,CS.D.EURUSD.MINI.IP,1.16304,1.16313,1.1630850000000001,878,1h
2026-03-11T03:37:25.541Z,CS.D.GBPUSD.MINI.IP,1.34509,1.34518,1.345135,1096,1h
2026-03-11T03:37:26.531Z,CS.D.EURUSD.MINI.IP,1.16308,1.16317,1.163125,694,1h
2026-03-11T03:37:26.546Z,CS.D.EURUSD.MINI.IP,1.16308,1.16317,1.163125,772,1h
2026-03-11T03:37:26.870Z,CS.D.GBPUSD.MINI.IP,1.34512,1.34521,1.3451650000000002,851,1h
2026-03-11T03:37:26.894Z,CS.D.GBPUSD.MINI.IP,1.34512,1.34521,1.3451650000000002,754,1h
2026-03-11T03:37:27.815Z,CS.D.EURUSD.MINI.IP,1.16308,1.16317,1.163125,700,1h
2026-03-11T03:37:28.145Z,CS.D.GBPUSD.MINI.IP,1.34512,1.34521,1.3451650000000002,485,1h
2026-03-11T03:37:28.230Z,CS.D.EURUSD.MINI.IP,1.16308,1.16317,1.163125,610,1h
2026-03-11T03:37:28.574Z,CS.D.GBPUSD.MINI.IP,1.34512,1.34521,1.3451650000000002,976,1h
2026-03-11T03:37:29.549Z,CS.D.EURUSD.MINI.IP,1.16308,1.16317,1.163125,189,1h
2026-03-11T03:37:29.552Z,CS.D.EURUSD.MINI.IP,1.16308,1.16317,1.163125,730,1h
2026-03-11T03:37:29.891Z,CS.D.GBPUSD.MINI.IP,1.34511,1.3452,1.345155,370,1h
2026-03-11T03:37:29.900Z,CS.D.GBPUSD.MINI.IP,1.34511,1.3452,1.345155,281,1h
2026-03-11T03:37:30.736Z,CS.D.EURUSD.MINI.IP,1.1631,1.16319,1.163145,481,1h
2026-03-11T03:37:31.065Z,CS.D.GBPUSD.MINI.IP,1.34514,1.34523,1.3451849999999999,598,1h
2026-03-11T03:37:31.229Z,CS.D.EURUSD.MINI.IP,1.1631,1.16319,1.163145,458,1h
2026-03-11T03:37:31.573Z,CS.D.GBPUSD.MINI.IP,1.34514,1.34523,1.3451849999999999,1087,1h
2026-03-11T03:37:32.553Z,CS.D.EURUSD.MINI.IP,1.16307,1.16316,1.163115,668,1h
2026-03-11T03:37:32.571Z,CS.D.EURUSD.MINI.IP,1.16307,1.16316,1.163115,111,1h
2026-03-11T03:37:32.639Z,CS.D.EURUSD.MINI.IP,1.16307,1.16316,1.163115,834,1h
2026-03-11T03:37:32.894Z,CS.D.GBPUSD.MINI.IP,1.34513,1.34522,1.345175,1058,1h
2026-03-11T03:38:23.661Z,CS.D.EURUSD.MINI.IP,1.16307,1.16316,1.163115,476,1h
2026-03-11T03:38:23.694Z,CS.D.EURUSD.MINI.IP,1.16307,1.16316,1.163115,631,1h
2026-03-11T03:38:23.787Z,CS.D.EURUSD.MINI.IP,1.16309,1.16318,1.163135,988,1h
2026-03-11T03:38:24.000Z,CS.D.GBPUSD.MINI.IP,1.34505,1.34514,1.3450950000000002,570,1h
2026-03-11T03:38:24.049Z,CS.D.GBPUSD.MINI.IP,1.34505,1.34514,1.3450950000000002,679,1h
2026-03-11T03:38:24.109Z,CS.D.GBPUSD.MINI.IP,1.34505,1.34514,1.3450950000000002,1097,1h
2026-03-11T03:38:24.906Z,CS.D.EURUSD.MINI.IP,1.16308,1.16317,1.163125,499,1h
2026-03-11T03:38:25.240Z,CS.D.GBPUSD.MINI.IP,1.34505,1.34514,1.3450950000000002,1030,1h
2026-03-11T03:38:25.365Z,CS.D.EURUSD.MINI.IP,1.16309,1.16318,1.163135,841,1h
2026-03-11T03:38:25.712Z,CS.D.GBPUSD.MINI.IP,1.34505,1.34514,1.3450950000000002,1071,1h
2026-03-11T03:38:26.638Z,CS.D.EURUSD.MINI.IP,1.16307,1.16316,1.163115,788,1h
2026-03-11T03:38:26.664Z,CS.D.EURUSD.MINI.IP,1.16307,1.16316,1.163115,527,1h
2026-03-11T03:38:26.772Z,CS.D.EURUSD.MINI.IP,1.16307,1.16316,1.163115,264,1h
2026-03-11T03:38:26.998Z,CS.D.GBPUSD.MINI.IP,1.34503,1.34512,1.345075,1087,1h
2026-03-11T03:38:27.008Z,CS.D.GBPUSD.MINI.IP,1.34504,1.34513,1.345085,452,1h
2026-03-11T03:38:27.129Z,CS.D.GBPUSD.MINI.IP,1.34504,1.34513,1.345085,510,1h
2026-03-11T03:38:27.876Z,CS.D.EURUSD.MINI.IP,1.16307,1.16316,1.163115,649,1h
2026-03-11T03:38:28.202Z,CS.D.GBPUSD.MINI.IP,1.34504,1.34513,1.345085,948,1h
2026-03-11T03:38:28.386Z,CS.D.EURUSD.MINI.IP,1.16307,1.16316,1.163115,762,1h
2026-03-11T03:38:28.731Z,CS.D.GBPUSD.MINI.IP,1.34504,1.34513,1.345085,886,1h
2026-03-11T03:38:29.657Z,CS.D.EURUSD.MINI.IP,1.16305,1.16314,1.163095,455,1h
2026-03-11T03:38:29.691Z,CS.D.EURUSD.MINI.IP,1.16305,1.16314,1.163095,348,1h
2026-03-11T03:38:29.778Z,CS.D.EURUSD.MINI.IP,1.16305,1.16314,1.163095,447,1h
2026-03-11T03:38:29.996Z,CS.D.GBPUSD.MINI.IP,1.34504,1.34513,1.345085,782,1h
2026-03-11T03:38:30.046Z,CS.D.GBPUSD.MINI.IP,1.34504,1.34513,1.345085,144,1h
2026-03-11T03:38:30.124Z,CS.D.GBPUSD.MINI.IP,1.34504,1.34513,1.345085,493,1h
2026-03-11T03:38:30.872Z,CS.D.EURUSD.MINI.IP,1.16305,1.16314,1.163095,522,1h
2026-03-11T03:38:31.211Z,CS.D.GBPUSD.MINI.IP,1.34504,1.34513,1.345085,372,1h
2026-03-11T03:38:31.397Z,CS.D.EURUSD.MINI.IP,1.16308,1.16317,1.163125,217,1h
2026-03-11T03:39:23.814Z,CS.D.EURUSD.MINI.IP,1.16303,1.16312,1.163075,1021,1h
2026-03-11T03:39:23.845Z,CS.D.EURUSD.MINI.IP,1.16303,1.16312,1.163075,955,1h
2026-03-11T03:39:23.939Z,CS.D.EURUSD.MINI.IP,1.16303,1.16312,1.163075,718,1h
2026-03-11T03:39:24.156Z,CS.D.GBPUSD.MINI.IP,1.34498,1.34507,1.3450250000000001,1041,1h
2026-03-11T03:39:24.209Z,CS.D.GBPUSD.MINI.IP,1.34498,1.34507,1.3450250000000001,887,1h
2026-03-11T03:39:24.260Z,CS.D.GBPUSD.MINI.IP,1.34498,1.34507,1.3450250000000001,216,1h
2026-03-11T03:39:25.056Z,CS.D.EURUSD.MINI.IP,1.16303,1.16312,1.163075,524,1h
2026-03-11T03:39:25.395Z,CS.D.GBPUSD.MINI.IP,1.34499,1.34508,1.345035,456,1h
2026-03-11T03:39:25.499Z,CS.D.EURUSD.MINI.IP,1.16303,1.16312,1.163075,683,1h
2026-03-11T03:39:25.820Z,CS.D.GBPUSD.MINI.IP,1.34499,1.34508,1.345035,1014,1h
2026-03-11T03:39:26.839Z,CS.D.EURUSD.MINI.IP,1.16303,1.16312,1.163075,443,1h
2026-03-11T03:39:26.850Z,CS.D.EURUSD.MINI.IP,1.16303,1.16312,1.163075,919,1h
2026-03-11T03:39:26.952Z,CS.D.EURUSD.MINI.IP,1.16303,1.16312,1.163075,600,1h
2026-03-11T03:39:27.160Z,CS.D.GBPUSD.MINI.IP,1.34499,1.34508,1.345035,234,1h
2026-03-11T03:39:27.208Z,CS.D.GBPUSD.MINI.IP,1.34499,1.34508,1.345035,540,1h
2026-03-11T03:39:27.294Z,CS.D.GBPUSD.MINI.IP,1.34499,1.34508,1.345035,117,1h
2026-03-11T03:39:28.097Z,CS.D.EURUSD.MINI.IP,1.16301,1.1631,1.163055,1080,1h
2026-03-11T03:39:28.439Z,CS.D.GBPUSD.MINI.IP,1.34501,1.3451,1.345055,610,1h
2026-03-11T03:39:28.519Z,CS.D.EURUSD.MINI.IP,1.16305,1.16314,1.163095,425,1h
2026-03-11T03:39:28.834Z,CS.D.GBPUSD.MINI.IP,1.34501,1.3451,1.345055,951,1h
2026-03-11T03:39:29.820Z,CS.D.EURUSD.MINI.IP,1.16306,1.16315,1.1631049999999998,237,1h
2026-03-11T03:39:29.836Z,CS.D.EURUSD.MINI.IP,1.16306,1.16315,1.1631049999999998,317,1h
2026-03-11T03:39:29.947Z,CS.D.EURUSD.MINI.IP,1.16306,1.16315,1.1631049999999998,370,1h
2026-03-11T03:39:30.151Z,CS.D.GBPUSD.MINI.IP,1.34501,1.3451,1.345055,425,1h
2026-03-11T03:39:30.276Z,CS.D.GBPUSD.MINI.IP,1.34501,1.3451,1.345055,764,1h
2026-03-11T03:39:30.698Z,CS.D.GBPUSD.MINI.IP,1.34501,1.3451,1.345055,300,1h
2026-03-11T03:39:31.028Z,CS.D.EURUSD.MINI.IP,1.16306,1.16315,1.1631049999999998,153,1h
2026-03-11T03:39:31.349Z,CS.D.GBPUSD.MINI.IP,1.34501,1.3451,1.345055,395,1h
2026-03-11T03:39:31.536Z,CS.D.EURUSD.MINI.IP,1.16306,1.16315,1.1631049999999998,663,1h
2026-03-11T03:40:23.968Z,CS.D.EURUSD.MINI.IP,1.163,1.16306,1.16303,158,1h
2026-03-11T03:40:23.972Z,CS.D.EURUSD.MINI.IP,1.163,1.16306,1.16303,217,1h
2026-03-11T03:40:24.310Z,CS.D.GBPUSD.MINI.IP,1.34497,1.34512,1.345045,956,1h
2026-03-11T03:40:24.625Z,CS.D.EURUSD.MINI.IP,1.163,1.16306,1.16303,942,1h
2026-03-11T03:40:24.845Z,CS.D.GBPUSD.MINI.IP,1.34497,1.34512,1.345045,259,1h
2026-03-11T03:40:24.976Z,CS.D.GBPUSD.MINI.IP,1.34497,1.34512,1.345045,219,1h
2026-03-11T03:40:25.645Z,CS.D.EURUSD.MINI.IP,1.163,1.16306,1.16303,1048,1h
2026-03-11T03:40:25.688Z,CS.D.EURUSD.MINI.IP,1.163,1.16306,1.16303,422,1h
2026-03-11T03:40:25.985Z,CS.D.GBPUSD.MINI.IP,1.34493,1.34508,1.345005,996,1h
2026-03-11T03:40:26.622Z,CS.D.GBPUSD.MINI.IP,1.34491,1.34506,1.3449849999999999,744,1h
2026-03-11T03:40:27.020Z,CS.D.EURUSD.MINI.IP,1.16299,1.16305,1.16302,940,1h
2026-03-11T03:40:27.025Z,CS.D.EURUSD.MINI.IP,1.16299,1.16305,1.16302,618,1h
2026-03-11T03:40:27.119Z,CS.D.EURUSD.MINI.IP,1.16299,1.16305,1.16302,734,1h
2026-03-11T03:40:27.351Z,CS.D.GBPUSD.MINI.IP,1.34492,1.34507,1.344995,1071,1h
2026-03-11T03:40:27.360Z,CS.D.GBPUSD.MINI.IP,1.34492,1.34507,1.344995,933,1h
2026-03-11T03:40:27.455Z,CS.D.GBPUSD.MINI.IP,1.34492,1.34507,1.344995,264,1h
2026-03-11T03:40:28.190Z,CS.D.EURUSD.MINI.IP,1.16298,1.16304,1.1630099999999999,404,1h
2026-03-11T03:40:28.517Z,CS.D.GBPUSD.MINI.IP,1.34492,1.34507,1.344995,148,1h
2026-03-11T03:40:28.678Z,CS.D.EURUSD.MINI.IP,1.16299,1.16305,1.16302,571,1h
2026-03-11T03:40:29.009Z,CS.D.GBPUSD.MINI.IP,1.34495,1.34504,1.344995,182,1h
2026-03-11T03:40:29.947Z,CS.D.EURUSD.MINI.IP,1.16297,1.16303,1.163,859,1h
2026-03-11T03:40:29.973Z,CS.D.EURUSD.MINI.IP,1.16297,1.16303,1.163,520,1h
2026-03-11T03:40:30.113Z,CS.D.EURUSD.MINI.IP,1.16297,1.16303,1.163,744,1h
2026-03-11T03:40:30.288Z,CS.D.GBPUSD.MINI.IP,1.34494,1.34503,1.3449849999999999,917,1h
2026-03-11T03:40:30.357Z,CS.D.GBPUSD.MINI.IP,1.34494,1.34503,1.3449849999999999,467,1h
2026-03-11T03:40:30.467Z,CS.D.GBPUSD.MINI.IP,1.34494,1.34503,1.3449849999999999,334,1h
2026-03-11T03:40:31.164Z,CS.D.EURUSD.MINI.IP,1.16297,1.16303,1.163,1009,1h
2026-03-11T03:40:31.492Z,CS.D.GBPUSD.MINI.IP,1.34495,1.34504,1.344995,329,1h
2026-03-11T03:40:31.671Z,CS.D.EURUSD.MINI.IP,1.16297,1.16303,1.163,1086,1h
2026-03-11T03:41:24.034Z,CS.D.EURUSD.MINI.IP,1.16291,1.16297,1.16294,758,1h
2026-03-11T03:41:24.099Z,CS.D.EURUSD.MINI.IP,1.16291,1.16297,1.16294,750,1h
2026-03-11T03:41:24.250Z,CS.D.EURUSD.MINI.IP,1.1629,1.16296,1.16293,395,1h
2026-03-11T03:41:24.363Z,CS.D.GBPUSD.MINI.IP,1.34487,1.34502,1.344945,310,1h
2026-03-11T03:41:24.421Z,CS.D.GBPUSD.MINI.IP,1.34487,1.34502,1.344945,188,1h
2026-03-11T03:41:24.602Z,CS.D.GBPUSD.MINI.IP,1.34487,1.34502,1.344945,270,1h
2026-03-11T03:41:25.322Z,CS.D.EURUSD.MINI.IP,1.1629,1.16296,1.16293,467,1h
2026-03-11T03:41:25.979Z,CS.D.EURUSD.MINI.IP,1.1629,1.16296,1.16293,525,1h
2026-03-11T03:41:25.983Z,CS.D.GBPUSD.MINI.IP,1.34487,1.34502,1.344945,227,1h
2026-03-11T03:41:26.306Z,CS.D.GBPUSD.MINI.IP,1.34487,1.34502,1.344945,641,1h
2026-03-11T03:41:27.045Z,CS.D.EURUSD.MINI.IP,1.1629,1.16296,1.16293,320,1h
2026-03-11T03:41:27.137Z,CS.D.EURUSD.MINI.IP,1.1629,1.16296,1.16293,1032,1h
2026-03-11T03:41:27.253Z,CS.D.EURUSD.MINI.IP,1.1629,1.16296,1.16293,1081,1h
2026-03-11T03:41:27.429Z,CS.D.GBPUSD.MINI.IP,1.34487,1.34502,1.344945,407,1h
2026-03-11T03:41:27.483Z,CS.D.GBPUSD.MINI.IP,1.34487,1.34502,1.344945,554,1h
2026-03-11T03:41:27.598Z,CS.D.GBPUSD.MINI.IP,1.34487,1.34502,1.344945,211,1h
2026-03-11T03:41:28.328Z,CS.D.EURUSD.MINI.IP,1.1629,1.16296,1.16293,617,1h
2026-03-11T03:41:28.661Z,CS.D.GBPUSD.MINI.IP,1.34486,1.34501,1.344935,227,1h
2026-03-11T03:41:28.803Z,CS.D.EURUSD.MINI.IP,1.1629,1.16296,1.16293,269,1h
2026-03-11T03:41:29.136Z,CS.D.GBPUSD.MINI.IP,1.34486,1.34501,1.344935,479,1h
2026-03-11T03:41:30.055Z,CS.D.EURUSD.MINI.IP,1.1629,1.16296,1.16293,799,1h
2026-03-11T03:41:30.118Z,CS.D.EURUSD.MINI.IP,1.1629,1.16296,1.16293,606,1h
2026-03-11T03:41:30.354Z,CS.D.EURUSD.MINI.IP,1.1629,1.16296,1.16293,314,1h
2026-03-11T03:41:30.401Z,CS.D.GBPUSD.MINI.IP,1.34486,1.34501,1.344935,750,1h
2026-03-11T03:41:30.453Z,CS.D.GBPUSD.MINI.IP,1.34486,1.34501,1.344935,975,1h
2026-03-11T03:41:30.685Z,CS.D.GBPUSD.MINI.IP,1.34486,1.34501,1.344935,170,1h
2026-03-11T03:41:31.325Z,CS.D.EURUSD.MINI.IP,1.1629,1.16296,1.16293,440,1h
2026-03-11T03:41:31.638Z,CS.D.GBPUSD.MINI.IP,1.34487,1.34502,1.344945,838,1h
2026-03-11T03:42:24.265Z,CS.D.EURUSD.MINI.IP,1.16299,1.16305,1.16302,616,1h
2026-03-11T03:42:24.314Z,CS.D.EURUSD.MINI.IP,1.16299,1.16305,1.16302,652,1h
2026-03-11T03:42:24.367Z,CS.D.EURUSD.MINI.IP,1.16299,1.16305,1.16302,196,1h
2026-03-11T03:42:24.622Z,CS.D.GBPUSD.MINI.IP,1.34486,1.34501,1.344935,1004,1h
2026-03-11T03:42:24.659Z,CS.D.GBPUSD.MINI.IP,1.34486,1.34501,1.344935,795,1h
2026-03-11T03:42:24.690Z,CS.D.GBPUSD.MINI.IP,1.34486,1.34501,1.344935,1071,1h
2026-03-11T03:42:25.449Z,CS.D.EURUSD.MINI.IP,1.16299,1.16305,1.16302,1039,1h
2026-03-11T03:42:25.773Z,CS.D.GBPUSD.MINI.IP,1.3449,1.34505,1.344975,257,1h
2026-03-11T03:42:25.905Z,CS.D.EURUSD.MINI.IP,1.16299,1.16305,1.16302,977,1h
2026-03-11T03:42:26.221Z,CS.D.GBPUSD.MINI.IP,1.3449,1.34505,1.344975,514,1h
2026-03-11T03:42:27.174Z,CS.D.EURUSD.MINI.IP,1.16298,1.16304,1.1630099999999999,385,1h
2026-03-11T03:42:27.215Z,CS.D.EURUSD.MINI.IP,1.16298,1.16304,1.1630099999999999,335,1h
2026-03-11T03:42:27.399Z,CS.D.EURUSD.MINI.IP,1.16298,1.16304,1.1630099999999999,941,1h
2026-03-11T03:42:27.508Z,CS.D.GBPUSD.MINI.IP,1.3449,1.34505,1.344975,317,1h
2026-03-11T03:42:27.537Z,CS.D.GBPUSD.MINI.IP,1.3449,1.34505,1.344975,708,1h
2026-03-11T03:42:27.724Z,CS.D.GBPUSD.MINI.IP,1.3449,1.34505,1.344975,1052,1h
2026-03-11T03:42:28.459Z,CS.D.EURUSD.MINI.IP,1.16298,1.16304,1.1630099999999999,454,1h
2026-03-11T03:42:28.779Z,CS.D.GBPUSD.MINI.IP,1.34491,1.34506,1.3449849999999999,806,1h
2026-03-11T03:42:28.936Z,CS.D.EURUSD.MINI.IP,1.16298,1.16304,1.1630099999999999,883,1h
2026-03-11T03:42:29.263Z,CS.D.GBPUSD.MINI.IP,1.3449,1.34505,1.344975,367,1h
2026-03-11T03:42:30.231Z,CS.D.EURUSD.MINI.IP,1.16298,1.16304,1.1630099999999999,741,1h
2026-03-11T03:42:30.251Z,CS.D.EURUSD.MINI.IP,1.16298,1.16304,1.1630099999999999,740,1h
2026-03-11T03:42:30.409Z,CS.D.EURUSD.MINI.IP,1.16298,1.16304,1.1630099999999999,860,1h
2026-03-11T03:42:30.554Z,CS.D.GBPUSD.MINI.IP,1.3449,1.34505,1.344975,1061,1h
2026-03-11T03:42:30.557Z,CS.D.GBPUSD.MINI.IP,1.3449,1.34505,1.344975,346,1h
2026-03-11T03:42:30.739Z,CS.D.GBPUSD.MINI.IP,1.3449,1.34505,1.344975,493,1h
2026-03-11T03:42:31.448Z,CS.D.EURUSD.MINI.IP,1.16298,1.16307,1.163025,783,1h
2026-03-11T03:42:31.775Z,CS.D.GBPUSD.MINI.IP,1.34489,1.34504,1.344965,221,1h
2026-03-11T03:42:32.051Z,CS.D.EURUSD.MINI.IP,1.16298,1.16307,1.163025,129,1h
2026-03-11T03:43:24.346Z,CS.D.EURUSD.MINI.IP,1.16296,1.16305,1.163005,773,1h
2026-03-11T03:43:24.354Z,CS.D.EURUSD.MINI.IP,1.16296,1.16305,1.163005,865,1h
2026-03-11T03:43:24.599Z,CS.D.EURUSD.MINI.IP,1.16296,1.16305,1.163005,312,1h
2026-03-11T03:43:24.678Z,CS.D.GBPUSD.MINI.IP,1.345,1.34509,1.3450449999999998,441,1h
2026-03-11T03:43:24.681Z,CS.D.GBPUSD.MINI.IP,1.345,1.34509,1.3450449999999998,840,1h
2026-03-11T03:43:24.938Z,CS.D.GBPUSD.MINI.IP,1.345,1.34509,1.3450449999999998,1015,1h
2026-03-11T03:43:25.630Z,CS.D.EURUSD.MINI.IP,1.16296,1.16305,1.163005,606,1h
2026-03-11T03:43:25.970Z,CS.D.GBPUSD.MINI.IP,1.34499,1.34508,1.345035,105,1h
2026-03-11T03:43:26.194Z,CS.D.EURUSD.MINI.IP,1.16296,1.16305,1.163005,1098,1h
2026-03-11T03:43:26.542Z,CS.D.GBPUSD.MINI.IP,1.34499,1.34508,1.345035,337,1h
2026-03-11T03:43:27.362Z,CS.D.EURUSD.MINI.IP,1.16296,1.16305,1.163005,420,1h
2026-03-11T03:43:27.589Z,CS.D.EURUSD.MINI.IP,1.16296,1.16305,1.163005,1059,1h
2026-03-11T03:43:27.694Z,CS.D.GBPUSD.MINI.IP,1.34499,1.34508,1.345035,801,1h
2026-03-11T03:43:27.845Z,CS.D.EURUSD.MINI.IP,1.16297,1.16306,1.1630150000000001,336,1h
2026-03-11T03:43:27.913Z,CS.D.GBPUSD.MINI.IP,1.34501,1.3451,1.345055,575,1h
2026-03-11T03:43:28.175Z,CS.D.GBPUSD.MINI.IP,1.34501,1.3451,1.345055,532,1h
2026-03-11T03:43:28.640Z,CS.D.EURUSD.MINI.IP,1.16297,1.16306,1.1630150000000001,413,1h
2026-03-11T03:43:28.973Z,CS.D.GBPUSD.MINI.IP,1.345,1.34509,1.3450449999999998,438,1h
2026-03-11T03:43:29.155Z,CS.D.EURUSD.MINI.IP,1.16297,1.16306,1.1630150000000001,529,1h
2026-03-11T03:43:29.484Z,CS.D.GBPUSD.MINI.IP,1.345,1.34509,1.3450449999999998,234,1h
2026-03-11T03:43:30.327Z,CS.D.EURUSD.MINI.IP,1.16297,1.16306,1.1630150000000001,501,1h
2026-03-11T03:43:30.359Z,CS.D.EURUSD.MINI.IP,1.16297,1.16306,1.1630150000000001,761,1h
2026-03-11T03:43:30.677Z,CS.D.EURUSD.MINI.IP,1.16297,1.16306,1.1630150000000001,488,1h
2026-03-11T03:43:30.732Z,CS.D.GBPUSD.MINI.IP,1.345,1.34509,1.3450449999999998,459,1h
2026-03-11T03:43:30.750Z,CS.D.GBPUSD.MINI.IP,1.345,1.34509,1.3450449999999998,954,1h
2026-03-11T03:43:30.998Z,CS.D.GBPUSD.MINI.IP,1.345,1.34509,1.3450449999999998,212,1h
2026-03-11T03:43:31.610Z,CS.D.EURUSD.MINI.IP,1.16296,1.16305,1.163005,169,1h
2026-03-11T03:43:31.948Z,CS.D.GBPUSD.MINI.IP,1.34501,1.3451,1.345055,396,1h
2026-03-11T03:43:32.160Z,CS.D.EURUSD.MINI.IP,1.16298,1.16307,1.163025,1007,1h
2026-03-11T03:44:24.610Z,CS.D.EURUSD.MINI.IP,1.16307,1.16313,1.1631,795,1h
2026-03-11T03:44:24.631Z,CS.D.EURUSD.MINI.IP,1.16307,1.16313,1.1631,443,1h
2026-03-11T03:44:24.739Z,CS.D.EURUSD.MINI.IP,1.16307,1.16313,1.1631,874,1h
2026-03-11T03:44:24.971Z,CS.D.GBPUSD.MINI.IP,1.3451,1.34519,1.345145,961,1h
2026-03-11T03:44:25.011Z,CS.D.GBPUSD.MINI.IP,1.3451,1.34519,1.345145,854,1h
2026-03-11T03:44:25.095Z,CS.D.GBPUSD.MINI.IP,1.3451,1.34519,1.345145,716,1h
2026-03-11T03:44:25.817Z,CS.D.EURUSD.MINI.IP,1.16307,1.16313,1.1631,177,1h
2026-03-11T03:44:26.159Z,CS.D.GBPUSD.MINI.IP,1.34511,1.3452,1.345155,1016,1h
2026-03-11T03:44:26.309Z,CS.D.EURUSD.MINI.IP,1.16306,1.16312,1.16309,302,1h
2026-03-11T03:44:26.646Z,CS.D.GBPUSD.MINI.IP,1.34511,1.3452,1.345155,335,1h
2026-03-11T03:44:27.517Z,CS.D.EURUSD.MINI.IP,1.16306,1.16312,1.16309,360,1h
2026-03-11T03:44:27.727Z,CS.D.EURUSD.MINI.IP,1.16306,1.16312,1.16309,498,1h
2026-03-11T03:44:27.856Z,CS.D.GBPUSD.MINI.IP,1.34511,1.3452,1.345155,358,1h
2026-03-11T03:44:28.056Z,CS.D.EURUSD.MINI.IP,1.16305,1.16311,1.16308,398,1h
2026-03-11T03:44:28.072Z,CS.D.GBPUSD.MINI.IP,1.34511,1.3452,1.345155,756,1h
2026-03-11T03:44:28.392Z,CS.D.GBPUSD.MINI.IP,1.34511,1.3452,1.345155,778,1h
2026-03-11T03:44:28.816Z,CS.D.EURUSD.MINI.IP,1.16305,1.16311,1.16308,354,1h
2026-03-11T03:44:29.137Z,CS.D.GBPUSD.MINI.IP,1.3451,1.34519,1.345145,892,1h
2026-03-11T03:44:29.320Z,CS.D.EURUSD.MINI.IP,1.16305,1.16311,1.16308,251,1h
2026-03-11T03:44:29.658Z,CS.D.GBPUSD.MINI.IP,1.3451,1.34519,1.345145,978,1h
2026-03-11T03:44:30.515Z,CS.D.EURUSD.MINI.IP,1.16304,1.1631,1.16307,550,1h
2026-03-11T03:44:30.535Z,CS.D.EURUSD.MINI.IP,1.16304,1.1631,1.16307,965,1h
2026-03-11T03:44:30.762Z,CS.D.EURUSD.MINI.IP,1.16305,1.16311,1.16308,725,1h
2026-03-11T03:44:30.839Z,CS.D.GBPUSD.MINI.IP,1.34511,1.3452,1.345155,1030,1h
2026-03-11T03:44:30.872Z,CS.D.GBPUSD.MINI.IP,1.34511,1.3452,1.345155,131,1h
2026-03-11T03:44:31.111Z,CS.D.GBPUSD.MINI.IP,1.34511,1.3452,1.345155,1099,1h
2026-03-11T03:44:31.842Z,CS.D.EURUSD.MINI.IP,1.16306,1.16312,1.16309,982,1h
2026-03-11T03:44:32.175Z,CS.D.GBPUSD.MINI.IP,1.34511,1.3452,1.345155,953,1h
2026-03-11T03:44:32.332Z,CS.D.EURUSD.MINI.IP,1.16306,1.16312,1.16309,915,1h
2026-03-11T03:45:24.661Z,CS.D.EURUSD.MINI.IP,1.16305,1.16314,1.163095,158,1h
2026-03-11T03:45:25.008Z,CS.D.GBPUSD.MINI.IP,1.34521,1.3453,1.3452549999999999,723,1h
2026-03-11T03:45:25.250Z,CS.D.EURUSD.MINI.IP,1.16305,1.16314,1.163095,910,1h
2026-03-11T03:45:25.596Z,CS.D.GBPUSD.MINI.IP,1.3452,1.34529,1.345245,318,1h
2026-03-11T03:45:25.671Z,CS.D.EURUSD.MINI.IP,1.16307,1.16316,1.163115,308,1h
2026-03-11T03:45:25.964Z,CS.D.EURUSD.MINI.IP,1.16307,1.16316,1.163115,277,1h
2026-03-11T03:45:26.027Z,CS.D.GBPUSD.MINI.IP,1.34521,1.3453,1.3452549999999999,409,1h
2026-03-11T03:45:26.307Z,CS.D.GBPUSD.MINI.IP,1.34521,1.3453,1.3452549999999999,273,1h
2026-03-11T03:45:26.479Z,CS.D.EURUSD.MINI.IP,1.16307,1.16316,1.163115,150,1h
2026-03-11T03:45:26.799Z,CS.D.GBPUSD.MINI.IP,1.3452,1.34529,1.345245,874,1h
2026-03-11T03:45:27.663Z,CS.D.EURUSD.MINI.IP,1.16307,1.16316,1.163115,664,1h
2026-03-11T03:45:27.774Z,CS.D.EURUSD.MINI.IP,1.16307,1.16316,1.163115,453,1h
2026-03-11T03:45:27.867Z,CS.D.EURUSD.MINI.IP,1.16307,1.16316,1.163115,372,1h
2026-03-11T03:45:27.999Z,CS.D.GBPUSD.MINI.IP,1.34521,1.3453,1.3452549999999999,437,1h
2026-03-11T03:45:28.096Z,CS.D.GBPUSD.MINI.IP,1.34521,1.3453,1.3452549999999999,288,1h
2026-03-11T03:45:28.182Z,CS.D.GBPUSD.MINI.IP,1.34521,1.3453,1.3452549999999999,993,1h
2026-03-11T03:45:29.082Z,CS.D.EURUSD.MINI.IP,1.16307,1.16316,1.163115,632,1h
2026-03-11T03:45:29.476Z,CS.D.GBPUSD.MINI.IP,1.34521,1.3453,1.3452549999999999,337,1h
2026-03-11T03:45:29.528Z,CS.D.EURUSD.MINI.IP,1.16307,1.16316,1.163115,399,1h
2026-03-11T03:45:29.873Z,CS.D.GBPUSD.MINI.IP,1.3452,1.34529,1.345245,305,1h
2026-03-11T03:45:30.673Z,CS.D.EURUSD.MINI.IP,1.16308,1.16317,1.163125,959,1h
2026-03-11T03:45:30.731Z,CS.D.EURUSD.MINI.IP,1.16308,1.16317,1.163125,560,1h
2026-03-11T03:45:30.878Z,CS.D.EURUSD.MINI.IP,1.16308,1.16317,1.163125,952,1h
2026-03-11T03:45:30.994Z,CS.D.GBPUSD.MINI.IP,1.34519,1.34528,1.3452350000000002,769,1h
2026-03-11T03:45:31.074Z,CS.D.GBPUSD.MINI.IP,1.34519,1.34528,1.3452350000000002,260,1h
2026-03-11T03:45:31.196Z,CS.D.GBPUSD.MINI.IP,1.34517,1.34526,1.345215,465,1h
2026-03-11T03:45:31.984Z,CS.D.EURUSD.MINI.IP,1.16307,1.16316,1.163115,401,1h
2026-03-11T03:46:24.838Z,CS.D.EURUSD.MINI.IP,1.1631,1.16319,1.163145,508,1h
2026-03-11T03:46:24.920Z,CS.D.EURUSD.MINI.IP,1.1631,1.16319,1.163145,790,1h
2026-03-11T03:46:24.999Z,CS.D.EURUSD.MINI.IP,1.1631,1.16319,1.163145,915,1h
2026-03-11T03:46:25.171Z,CS.D.GBPUSD.MINI.IP,1.34525,1.34534,1.3452950000000001,1065,1h
2026-03-11T03:46:25.259Z,CS.D.GBPUSD.MINI.IP,1.34525,1.34534,1.3452950000000001,698,1h
2026-03-11T03:46:25.317Z,CS.D.GBPUSD.MINI.IP,1.34525,1.34534,1.3452950000000001,205,1h
2026-03-11T03:46:26.135Z,CS.D.EURUSD.MINI.IP,1.16312,1.16321,1.163165,166,1h
2026-03-11T03:46:26.475Z,CS.D.GBPUSD.MINI.IP,1.34524,1.34533,1.345285,314,1h
2026-03-11T03:46:26.718Z,CS.D.EURUSD.MINI.IP,1.16312,1.16321,1.163165,1099,1h
2026-03-11T03:46:27.041Z,CS.D.GBPUSD.MINI.IP,1.34524,1.34533,1.345285,210,1h
2026-03-11T03:46:27.866Z,CS.D.EURUSD.MINI.IP,1.16312,1.16321,1.163165,1073,1h
2026-03-11T03:46:28.018Z,CS.D.EURUSD.MINI.IP,1.16312,1.16321,1.163165,151,1h
2026-03-11T03:46:28.036Z,CS.D.EURUSD.MINI.IP,1.16312,1.16321,1.163165,393,1h
2026-03-11T03:46:28.199Z,CS.D.GBPUSD.MINI.IP,1.34522,1.34531,1.345265,848,1h
2026-03-11T03:46:28.345Z,CS.D.GBPUSD.MINI.IP,1.34522,1.34531,1.345265,596,1h
2026-03-11T03:46:28.363Z,CS.D.GBPUSD.MINI.IP,1.34522,1.34531,1.345265,212,1h
2026-03-11T03:46:29.130Z,CS.D.EURUSD.MINI.IP,1.16312,1.16321,1.163165,378,1h
2026-03-11T03:46:29.469Z,CS.D.GBPUSD.MINI.IP,1.34522,1.34531,1.345265,892,1h
2026-03-11T03:46:29.736Z,CS.D.EURUSD.MINI.IP,1.16312,1.16321,1.163165,932,1h
2026-03-11T03:46:30.082Z,CS.D.GBPUSD.MINI.IP,1.34522,1.34531,1.345265,198,1h
2026-03-11T03:46:30.882Z,CS.D.EURUSD.MINI.IP,1.16313,1.16322,1.1631749999999998,143,1h
2026-03-11T03:46:30.928Z,CS.D.EURUSD.MINI.IP,1.16313,1.16322,1.1631749999999998,496,1h
2026-03-11T03:46:31.014Z,CS.D.EURUSD.MINI.IP,1.16313,1.16322,1.1631749999999998,416,1h
2026-03-11T03:46:31.219Z,CS.D.GBPUSD.MINI.IP,1.34522,1.34531,1.345265,535,1h
2026-03-11T03:46:31.262Z,CS.D.GBPUSD.MINI.IP,1.34522,1.34531,1.345265,161,1h
2026-03-11T03:46:31.347Z,CS.D.GBPUSD.MINI.IP,1.34522,1.34531,1.345265,1093,1h
2026-03-11T03:46:32.176Z,CS.D.EURUSD.MINI.IP,1.16313,1.16322,1.1631749999999998,456,1h
2026-03-11T03:46:32.507Z,CS.D.GBPUSD.MINI.IP,1.34522,1.34531,1.345265,932,1h
2026-03-11T03:46:32.724Z,CS.D.EURUSD.MINI.IP,1.16314,1.16323,1.163185,173,1h
2026-03-11T03:47:25.050Z,CS.D.EURUSD.MINI.IP,1.16306,1.16312,1.16309,920,1h
2026-03-11T03:47:25.099Z,CS.D.EURUSD.MINI.IP,1.16306,1.16312,1.16309,592,1h
2026-03-11T03:47:25.153Z,CS.D.EURUSD.MINI.IP,1.16306,1.16312,1.16309,442,1h
2026-03-11T03:47:25.375Z,CS.D.GBPUSD.MINI.IP,1.34507,1.34516,1.3451149999999998,310,1h
2026-03-11T03:47:25.445Z,CS.D.GBPUSD.MINI.IP,1.34507,1.34516,1.3451149999999998,828,1h
2026-03-11T03:47:25.489Z,CS.D.GBPUSD.MINI.IP,1.34507,1.34516,1.3451149999999998,532,1h
2026-03-11T03:47:26.246Z,CS.D.EURUSD.MINI.IP,1.16305,1.16311,1.16308,1049,1h
2026-03-11T03:47:26.682Z,CS.D.GBPUSD.MINI.IP,1.34507,1.34516,1.3451149999999998,154,1h
2026-03-11T03:47:26.951Z,CS.D.EURUSD.MINI.IP,1.16305,1.16311,1.16308,818,1h
2026-03-11T03:47:27.257Z,CS.D.GBPUSD.MINI.IP,1.34507,1.34516,1.3451149999999998,746,1h
2026-03-11T03:47:28.058Z,CS.D.EURUSD.MINI.IP,1.16305,1.16311,1.16308,1048,1h
2026-03-11T03:47:28.105Z,CS.D.EURUSD.MINI.IP,1.16305,1.16311,1.16308,404,1h
2026-03-11T03:47:28.216Z,CS.D.EURUSD.MINI.IP,1.16305,1.16311,1.16308,701,1h
2026-03-11T03:47:28.401Z,CS.D.GBPUSD.MINI.IP,1.34507,1.34516,1.3451149999999998,845,1h
2026-03-11T03:47:28.441Z,CS.D.GBPUSD.MINI.IP,1.34507,1.34516,1.3451149999999998,1053,1h
2026-03-11T03:47:28.555Z,CS.D.GBPUSD.MINI.IP,1.34507,1.34516,1.3451149999999998,522,1h
2026-03-11T03:47:29.248Z,CS.D.EURUSD.MINI.IP,1.16305,1.16311,1.16308,981,1h
2026-03-11T03:47:29.591Z,CS.D.GBPUSD.MINI.IP,1.34507,1.34516,1.3451149999999998,147,1h
2026-03-11T03:47:29.889Z,CS.D.EURUSD.MINI.IP,1.16305,1.16311,1.16308,159,1h
2026-03-11T03:47:30.210Z,CS.D.GBPUSD.MINI.IP,1.34507,1.34516,1.3451149999999998,390,1h
2026-03-11T03:47:31.099Z,CS.D.EURUSD.MINI.IP,1.16304,1.1631,1.16307,163,1h
2026-03-11T03:47:31.139Z,CS.D.EURUSD.MINI.IP,1.16304,1.1631,1.16307,873,1h
2026-03-11T03:47:31.152Z,CS.D.EURUSD.MINI.IP,1.16304,1.1631,1.16307,569,1h
2026-03-11T03:47:31.453Z,CS.D.GBPUSD.MINI.IP,1.34507,1.34516,1.3451149999999998,330,1h
2026-03-11T03:47:31.505Z,CS.D.GBPUSD.MINI.IP,1.34507,1.34516,1.3451149999999998,905,1h
2026-03-11T03:47:31.517Z,CS.D.GBPUSD.MINI.IP,1.34507,1.34516,1.3451149999999998,971,1h
2026-03-11T03:47:32.277Z,CS.D.EURUSD.MINI.IP,1.16304,1.1631,1.16307,105,1h
2026-03-11T03:47:32.610Z,CS.D.GBPUSD.MINI.IP,1.34507,1.34516,1.3451149999999998,420,1h
2026-03-11T03:47:32.892Z,CS.D.EURUSD.MINI.IP,1.16304,1.1631,1.16307,1027,1h
2026-03-11T03:48:25.204Z,CS.D.EURUSD.MINI.IP,1.1629,1.16299,1.1629450000000001,229,1h
2026-03-11T03:48:25.287Z,CS.D.EURUSD.MINI.IP,1.1629,1.16299,1.1629450000000001,442,1h
2026-03-11T03:48:25.305Z,CS.D.EURUSD.MINI.IP,1.1629,1.16299,1.1629450000000001,327,1h
2026-03-11T03:48:25.535Z,CS.D.GBPUSD.MINI.IP,1.34502,1.34511,1.345065,452,1h
2026-03-11T03:48:25.606Z,CS.D.GBPUSD.MINI.IP,1.34501,1.3451,1.345055,580,1h
2026-03-11T03:48:25.641Z,CS.D.GBPUSD.MINI.IP,1.34501,1.3451,1.345055,404,1h
2026-03-11T03:48:26.427Z,CS.D.EURUSD.MINI.IP,1.1629,1.16299,1.1629450000000001,616,1h
2026-03-11T03:48:26.757Z,CS.D.GBPUSD.MINI.IP,1.34501,1.3451,1.345055,1060,1h
2026-03-11T03:48:27.064Z,CS.D.EURUSD.MINI.IP,1.1629,1.16299,1.1629450000000001,164,1h
2026-03-11T03:48:27.392Z,CS.D.GBPUSD.MINI.IP,1.34501,1.3451,1.345055,594,1h
2026-03-11T03:48:28.191Z,CS.D.EURUSD.MINI.IP,1.1629,1.16299,1.1629450000000001,476,1h
2026-03-11T03:48:28.314Z,CS.D.EURUSD.MINI.IP,1.1629,1.16299,1.1629450000000001,195,1h
2026-03-11T03:48:28.333Z,CS.D.EURUSD.MINI.IP,1.1629,1.16299,1.1629450000000001,105,1h
2026-03-11T03:48:28.510Z,CS.D.GBPUSD.MINI.IP,1.34501,1.3451,1.345055,154,1h
2026-03-11T03:48:28.683Z,CS.D.GBPUSD.MINI.IP,1.34501,1.3451,1.345055,1089,1h
2026-03-11T03:48:28.692Z,CS.D.GBPUSD.MINI.IP,1.34501,1.3451,1.345055,790,1h
2026-03-11T03:48:29.455Z,CS.D.EURUSD.MINI.IP,1.16288,1.16297,1.162925,1016,1h
2026-03-11T03:48:29.791Z,CS.D.GBPUSD.MINI.IP,1.34501,1.3451,1.345055,549,1h
2026-03-11T03:48:30.093Z,CS.D.EURUSD.MINI.IP,1.16288,1.16297,1.162925,270,1h
2026-03-11T03:48:30.455Z,CS.D.GBPUSD.MINI.IP,1.34501,1.3451,1.345055,371,1h
2026-03-11T03:48:31.311Z,CS.D.EURUSD.MINI.IP,1.1629,1.16299,1.1629450000000001,196,1h
2026-03-11T03:48:31.314Z,CS.D.EURUSD.MINI.IP,1.1629,1.16299,1.1629450000000001,448,1h
2026-03-11T03:48:31.350Z,CS.D.EURUSD.MINI.IP,1.1629,1.16299,1.1629450000000001,233,1h
2026-03-11T03:48:31.634Z,CS.D.GBPUSD.MINI.IP,1.345,1.34509,1.3450449999999998,982,1h
2026-03-11T03:48:31.694Z,CS.D.GBPUSD.MINI.IP,1.345,1.34509,1.3450449999999998,504,1h
2026-03-11T03:48:31.705Z,CS.D.GBPUSD.MINI.IP,1.345,1.34509,1.3450449999999998,817,1h
2026-03-11T03:48:32.445Z,CS.D.EURUSD.MINI.IP,1.1629,1.16299,1.1629450000000001,542,1h
2026-03-11T03:48:32.760Z,CS.D.GBPUSD.MINI.IP,1.345,1.34509,1.3450449999999998,245,1h
2026-03-11T03:48:33.107Z,CS.D.EURUSD.MINI.IP,1.1629,1.16299,1.1629450000000001,306,1h
2026-03-11T03:49:25.339Z,CS.D.EURUSD.MINI.IP,1.16284,1.16293,1.1628850000000002,884,1h
2026-03-11T03:49:25.517Z,CS.D.EURUSD.MINI.IP,1.16284,1.16293,1.1628850000000002,788,1h
2026-03-11T03:49:25.533Z,CS.D.EURUSD.MINI.IP,1.16284,1.16293,1.1628850000000002,580,1h
2026-03-11T03:49:25.675Z,CS.D.GBPUSD.MINI.IP,1.3449,1.34499,1.344945,752,1h
2026-03-11T03:49:25.861Z,CS.D.GBPUSD.MINI.IP,1.3449,1.34499,1.344945,539,1h
2026-03-11T03:49:25.872Z,CS.D.GBPUSD.MINI.IP,1.3449,1.34499,1.344945,1096,1h
2026-03-11T03:49:26.595Z,CS.D.EURUSD.MINI.IP,1.16284,1.16293,1.1628850000000002,210,1h
2026-03-11T03:49:27.017Z,CS.D.GBPUSD.MINI.IP,1.3449,1.34499,1.344945,282,1h
2026-03-11T03:49:27.231Z,CS.D.EURUSD.MINI.IP,1.16284,1.16293,1.1628850000000002,1037,1h
2026-03-11T03:49:27.577Z,CS.D.GBPUSD.MINI.IP,1.3449,1.34499,1.344945,934,1h
2026-03-11T03:49:28.339Z,CS.D.EURUSD.MINI.IP,1.16284,1.16293,1.1628850000000002,1071,1h
2026-03-11T03:49:28.532Z,CS.D.EURUSD.MINI.IP,1.16285,1.16294,1.162895,714,1h
2026-03-11T03:49:28.551Z,CS.D.EURUSD.MINI.IP,1.16285,1.16294,1.162895,358,1h
2026-03-11T03:49:28.669Z,CS.D.GBPUSD.MINI.IP,1.34491,1.345,1.3449550000000001,898,1h
2026-03-11T03:49:28.871Z,CS.D.GBPUSD.MINI.IP,1.34491,1.345,1.3449550000000001,274,1h
2026-03-11T03:49:28.880Z,CS.D.GBPUSD.MINI.IP,1.34491,1.345,1.3449550000000001,808,1h
2026-03-11T03:49:29.577Z,CS.D.EURUSD.MINI.IP,1.16285,1.16294,1.162895,401,1h
2026-03-11T03:49:29.904Z,CS.D.GBPUSD.MINI.IP,1.3449,1.34499,1.344945,669,1h
2026-03-11T03:49:30.227Z,CS.D.EURUSD.MINI.IP,1.16285,1.16294,1.162895,585,1h
2026-03-11T03:49:30.539Z,CS.D.GBPUSD.MINI.IP,1.3449,1.34499,1.344945,608,1h
2026-03-11T03:49:31.336Z,CS.D.EURUSD.MINI.IP,1.16284,1.16293,1.1628850000000002,706,1h
2026-03-11T03:49:31.528Z,CS.D.EURUSD.MINI.IP,1.16284,1.16293,1.1628850000000002,648,1h
2026-03-11T03:49:31.549Z,CS.D.EURUSD.MINI.IP,1.16284,1.16293,1.1628850000000002,527,1h
2026-03-11T03:49:31.674Z,CS.D.GBPUSD.MINI.IP,1.3449,1.34499,1.344945,862,1h
2026-03-11T03:49:31.851Z,CS.D.GBPUSD.MINI.IP,1.3449,1.34499,1.344945,918,1h
2026-03-11T03:49:31.920Z,CS.D.GBPUSD.MINI.IP,1.3449,1.34499,1.344945,148,1h
2026-03-11T03:49:32.600Z,CS.D.EURUSD.MINI.IP,1.16283,1.16292,1.162875,169,1h
2026-03-11T03:49:32.932Z,CS.D.GBPUSD.MINI.IP,1.34493,1.34502,1.344975,757,1h
2026-03-11T03:50:25.493Z,CS.D.EURUSD.MINI.IP,1.16289,1.16298,1.162935,467,1h
2026-03-11T03:50:25.639Z,CS.D.EURUSD.MINI.IP,1.16289,1.16298,1.162935,1016,1h
2026-03-11T03:50:25.641Z,CS.D.EURUSD.MINI.IP,1.16289,1.16298,1.162935,978,1h
2026-03-11T03:50:25.825Z,CS.D.GBPUSD.MINI.IP,1.34495,1.34504,1.344995,930,1h
2026-03-11T03:50:25.971Z,CS.D.GBPUSD.MINI.IP,1.34495,1.34504,1.344995,135,1h
2026-03-11T03:50:25.984Z,CS.D.GBPUSD.MINI.IP,1.34495,1.34504,1.344995,742,1h
2026-03-11T03:50:26.740Z,CS.D.EURUSD.MINI.IP,1.16289,1.16298,1.162935,1080,1h
2026-03-11T03:50:27.071Z,CS.D.GBPUSD.MINI.IP,1.34495,1.34504,1.344995,576,1h
2026-03-11T03:50:27.362Z,CS.D.EURUSD.MINI.IP,1.16289,1.16298,1.162935,231,1h
2026-03-11T03:50:27.687Z,CS.D.GBPUSD.MINI.IP,1.34494,1.34503,1.3449849999999999,226,1h
2026-03-11T03:50:28.516Z,CS.D.EURUSD.MINI.IP,1.16289,1.16298,1.162935,585,1h
2026-03-11T03:50:28.652Z,CS.D.EURUSD.MINI.IP,1.16289,1.16298,1.162935,626,1h
2026-03-11T03:50:28.668Z,CS.D.EURUSD.MINI.IP,1.16289,1.16298,1.162935,1007,1h
2026-03-11T03:50:28.865Z,CS.D.GBPUSD.MINI.IP,1.34494,1.34503,1.3449849999999999,876,1h
2026-03-11T03:50:29.004Z,CS.D.GBPUSD.MINI.IP,1.34494,1.34503,1.3449849999999999,210,1h
2026-03-11T03:50:29.019Z,CS.D.GBPUSD.MINI.IP,1.34494,1.34503,1.3449849999999999,580,1h
2026-03-11T03:50:29.839Z,CS.D.EURUSD.MINI.IP,1.16289,1.16298,1.162935,1089,1h
2026-03-11T03:50:30.159Z,CS.D.GBPUSD.MINI.IP,1.34494,1.34503,1.3449849999999999,964,1h
2026-03-11T03:50:30.348Z,CS.D.EURUSD.MINI.IP,1.16289,1.16298,1.162935,907,1h
2026-03-11T03:50:30.681Z,CS.D.GBPUSD.MINI.IP,1.34493,1.34502,1.344975,1095,1h
2026-03-11T03:50:31.504Z,CS.D.EURUSD.MINI.IP,1.16289,1.16298,1.162935,905,1h
2026-03-11T03:50:31.650Z,CS.D.EURUSD.MINI.IP,1.16289,1.16298,1.162935,600,1h
2026-03-11T03:50:31.653Z,CS.D.EURUSD.MINI.IP,1.16289,1.16298,1.162935,362,1h
2026-03-11T03:50:31.836Z,CS.D.GBPUSD.MINI.IP,1.34493,1.34502,1.344975,988,1h
2026-03-11T03:50:31.986Z,CS.D.GBPUSD.MINI.IP,1.34493,1.34502,1.344975,1039,1h
2026-03-11T03:50:32.034Z,CS.D.GBPUSD.MINI.IP,1.34493,1.34502,1.344975,627,1h
2026-03-11T03:50:32.804Z,CS.D.EURUSD.MINI.IP,1.16288,1.16297,1.162925,112,1h
2026-03-11T03:50:33.134Z,CS.D.GBPUSD.MINI.IP,1.34494,1.34503,1.3449849999999999,649,1h
2026-03-11T03:50:33.382Z,CS.D.EURUSD.MINI.IP,1.16288,1.16297,1.162925,450,1h
2026-03-11T03:51:25.649Z,CS.D.EURUSD.MINI.IP,1.16281,1.1629,1.162855,346,1h
2026-03-11T03:51:25.786Z,CS.D.EURUSD.MINI.IP,1.16281,1.1629,1.162855,1025,1h
2026-03-11T03:51:25.794Z,CS.D.EURUSD.MINI.IP,1.16281,1.1629,1.162855,337,1h
2026-03-11T03:51:26.054Z,CS.D.GBPUSD.MINI.IP,1.34489,1.34498,1.344935,992,1h
2026-03-11T03:51:26.118Z,CS.D.GBPUSD.MINI.IP,1.34489,1.34498,1.344935,766,1h
2026-03-11T03:51:26.128Z,CS.D.GBPUSD.MINI.IP,1.34489,1.34498,1.344935,436,1h
2026-03-11T03:51:26.957Z,CS.D.EURUSD.MINI.IP,1.16281,1.1629,1.162855,645,1h
2026-03-11T03:51:27.296Z,CS.D.GBPUSD.MINI.IP,1.34489,1.34498,1.344935,780,1h
2026-03-11T03:51:27.526Z,CS.D.EURUSD.MINI.IP,1.16281,1.1629,1.162855,606,1h
2026-03-11T03:51:27.857Z,CS.D.GBPUSD.MINI.IP,1.34489,1.34498,1.344935,161,1h
2026-03-11T03:51:28.617Z,CS.D.EURUSD.MINI.IP,1.16283,1.16292,1.162875,944,1h
2026-03-11T03:51:28.810Z,CS.D.EURUSD.MINI.IP,1.16283,1.16292,1.162875,1046,1h
2026-03-11T03:51:28.815Z,CS.D.EURUSD.MINI.IP,1.16283,1.16292,1.162875,864,1h
2026-03-11T03:51:28.951Z,CS.D.GBPUSD.MINI.IP,1.34489,1.34498,1.344935,536,1h
2026-03-11T03:51:29.187Z,CS.D.GBPUSD.MINI.IP,1.34489,1.34498,1.344935,224,1h
2026-03-11T03:51:29.194Z,CS.D.GBPUSD.MINI.IP,1.34489,1.34498,1.344935,587,1h
2026-03-11T03:51:29.973Z,CS.D.EURUSD.MINI.IP,1.16283,1.16292,1.162875,402,1h
2026-03-11T03:51:30.320Z,CS.D.GBPUSD.MINI.IP,1.34489,1.34498,1.344935,903,1h
2026-03-11T03:51:30.527Z,CS.D.EURUSD.MINI.IP,1.16283,1.16292,1.162875,631,1h
2026-03-11T03:51:30.876Z,CS.D.GBPUSD.MINI.IP,1.3449,1.34499,1.344945,450,1h
2026-03-11T03:51:31.621Z,CS.D.EURUSD.MINI.IP,1.16283,1.16292,1.162875,495,1h
2026-03-11T03:51:31.805Z,CS.D.EURUSD.MINI.IP,1.16283,1.16292,1.162875,1010,1h
2026-03-11T03:51:31.817Z,CS.D.EURUSD.MINI.IP,1.16283,1.16292,1.162875,103,1h
2026-03-11T03:51:31.976Z,CS.D.GBPUSD.MINI.IP,1.3449,1.34499,1.344945,319,1h
2026-03-11T03:51:32.154Z,CS.D.GBPUSD.MINI.IP,1.3449,1.34499,1.344945,664,1h
2026-03-11T03:51:32.160Z,CS.D.GBPUSD.MINI.IP,1.3449,1.34499,1.344945,508,1h
2026-03-11T03:51:32.979Z,CS.D.EURUSD.MINI.IP,1.16283,1.16292,1.162875,183,1h
2026-03-11T03:51:33.310Z,CS.D.GBPUSD.MINI.IP,1.34491,1.345,1.3449550000000001,844,1h
2026-03-11T03:51:33.531Z,CS.D.EURUSD.MINI.IP,1.16283,1.16292,1.162875,661,1h
2026-03-11T03:52:25.752Z,CS.D.EURUSD.MINI.IP,1.16272,1.16281,1.1627649999999998,298,1h
2026-03-11T03:52:25.964Z,CS.D.EURUSD.MINI.IP,1.16272,1.16281,1.1627649999999998,338,1h
2026-03-11T03:52:25.967Z,CS.D.EURUSD.MINI.IP,1.16272,1.16281,1.1627649999999998,223,1h
2026-03-11T03:52:26.076Z,CS.D.GBPUSD.MINI.IP,1.34478,1.34487,1.3448250000000002,658,1h
2026-03-11T03:52:26.302Z,CS.D.GBPUSD.MINI.IP,1.34478,1.34487,1.3448250000000002,960,1h
2026-03-11T03:52:26.307Z,CS.D.GBPUSD.MINI.IP,1.34478,1.34487,1.3448250000000002,809,1h
2026-03-11T03:52:27.114Z,CS.D.EURUSD.MINI.IP,1.16272,1.16281,1.1627649999999998,758,1h
2026-03-11T03:52:27.441Z,CS.D.GBPUSD.MINI.IP,1.34477,1.34486,1.344815,762,1h
2026-03-11T03:52:27.679Z,CS.D.EURUSD.MINI.IP,1.16272,1.16281,1.1627649999999998,1026,1h
2026-03-11T03:52:28.015Z,CS.D.GBPUSD.MINI.IP,1.34477,1.34486,1.344815,593,1h
2026-03-11T03:52:28.770Z,CS.D.EURUSD.MINI.IP,1.16271,1.1628,1.162755,494,1h
2026-03-11T03:52:28.957Z,CS.D.EURUSD.MINI.IP,1.16271,1.1628,1.162755,196,1h
2026-03-11T03:52:28.966Z,CS.D.EURUSD.MINI.IP,1.16271,1.1628,1.162755,275,1h
2026-03-11T03:52:29.089Z,CS.D.GBPUSD.MINI.IP,1.34476,1.34485,1.344805,898,1h
2026-03-11T03:52:29.302Z,CS.D.GBPUSD.MINI.IP,1.34476,1.34485,1.344805,620,1h
2026-03-11T03:52:29.325Z,CS.D.GBPUSD.MINI.IP,1.34476,1.34485,1.344805,947,1h
2026-03-11T03:52:30.095Z,CS.D.EURUSD.MINI.IP,1.16271,1.1628,1.162755,267,1h
2026-03-11T03:52:30.420Z,CS.D.GBPUSD.MINI.IP,1.34473,1.34482,1.3447749999999998,538,1h
2026-03-11T03:52:30.682Z,CS.D.EURUSD.MINI.IP,1.16271,1.1628,1.162755,245,1h
2026-03-11T03:52:31.029Z,CS.D.GBPUSD.MINI.IP,1.34478,1.34487,1.3448250000000002,188,1h
2026-03-11T03:52:31.780Z,CS.D.EURUSD.MINI.IP,1.16272,1.16281,1.1627649999999998,1033,1h
2026-03-11T03:52:31.970Z,CS.D.EURUSD.MINI.IP,1.16272,1.16281,1.1627649999999998,304,1h
2026-03-11T03:52:31.980Z,CS.D.EURUSD.MINI.IP,1.16272,1.16281,1.1627649999999998,237,1h
2026-03-11T03:52:32.107Z,CS.D.GBPUSD.MINI.IP,1.34477,1.34486,1.344815,182,1h
2026-03-11T03:52:32.321Z,CS.D.GBPUSD.MINI.IP,1.34477,1.34486,1.344815,172,1h
2026-03-11T03:52:32.328Z,CS.D.GBPUSD.MINI.IP,1.34477,1.34486,1.344815,834,1h
2026-03-11T03:52:33.097Z,CS.D.EURUSD.MINI.IP,1.16272,1.16281,1.1627649999999998,799,1h
2026-03-11T03:52:33.412Z,CS.D.GBPUSD.MINI.IP,1.34477,1.34486,1.344815,578,1h
2026-03-11T03:52:33.717Z,CS.D.EURUSD.MINI.IP,1.16272,1.16281,1.1627649999999998,458,1h
2026-03-11T03:53:25.856Z,CS.D.EURUSD.MINI.IP,1.16271,1.1628,1.162755,664,1h
2026-03-11T03:53:26.185Z,CS.D.GBPUSD.MINI.IP,1.3447,1.34479,1.344745,818,1h
2026-03-11T03:53:26.544Z,CS.D.EURUSD.MINI.IP,1.16271,1.1628,1.162755,801,1h
2026-03-11T03:53:26.570Z,CS.D.EURUSD.MINI.IP,1.16271,1.1628,1.162755,252,1h
2026-03-11T03:53:26.877Z,CS.D.GBPUSD.MINI.IP,1.3447,1.34479,1.344745,893,1h
2026-03-11T03:53:26.897Z,CS.D.GBPUSD.MINI.IP,1.3447,1.34479,1.344745,256,1h
2026-03-11T03:53:27.254Z,CS.D.EURUSD.MINI.IP,1.16271,1.1628,1.162755,1034,1h
2026-03-11T03:53:27.586Z,CS.D.GBPUSD.MINI.IP,1.34468,1.34477,1.344725,714,1h
2026-03-11T03:53:27.854Z,CS.D.EURUSD.MINI.IP,1.16266,1.16275,1.1627049999999999,592,1h
2026-03-11T03:53:28.236Z,CS.D.GBPUSD.MINI.IP,1.3447,1.34479,1.344745,199,1h
2026-03-11T03:53:28.860Z,CS.D.EURUSD.MINI.IP,1.16268,1.16277,1.162725,886,1h
2026-03-11T03:53:29.187Z,CS.D.GBPUSD.MINI.IP,1.3447,1.34479,1.344745,160,1h
2026-03-11T03:53:29.219Z,CS.D.EURUSD.MINI.IP,1.16268,1.16277,1.162725,394,1h
2026-03-11T03:53:29.253Z,CS.D.EURUSD.MINI.IP,1.16268,1.16277,1.162725,837,1h
2026-03-11T03:53:29.572Z,CS.D.GBPUSD.MINI.IP,1.3447,1.34479,1.344745,696,1h
2026-03-11T03:53:29.576Z,CS.D.GBPUSD.MINI.IP,1.3447,1.34479,1.344745,611,1h
2026-03-11T03:53:30.241Z,CS.D.EURUSD.MINI.IP,1.16268,1.16277,1.162725,834,1h
2026-03-11T03:53:30.586Z,CS.D.GBPUSD.MINI.IP,1.3447,1.34479,1.344745,756,1h
2026-03-11T03:53:30.839Z,CS.D.EURUSD.MINI.IP,1.16268,1.16277,1.162725,970,1h
2026-03-11T03:53:31.181Z,CS.D.GBPUSD.MINI.IP,1.3447,1.34479,1.344745,1072,1h
2026-03-11T03:53:31.937Z,CS.D.EURUSD.MINI.IP,1.16268,1.16277,1.162725,480,1h
2026-03-11T03:53:32.196Z,CS.D.EURUSD.MINI.IP,1.16268,1.16277,1.162725,494,1h
2026-03-11T03:53:32.200Z,CS.D.EURUSD.MINI.IP,1.16268,1.16277,1.162725,824,1h
2026-03-11T03:53:32.265Z,CS.D.GBPUSD.MINI.IP,1.3447,1.34479,1.344745,921,1h
2026-03-11T03:53:32.620Z,CS.D.GBPUSD.MINI.IP,1.34469,1.34478,1.344735,660,1h
2026-03-11T03:53:32.625Z,CS.D.GBPUSD.MINI.IP,1.34469,1.34478,1.344735,600,1h
2026-03-11T03:54:26.041Z,CS.D.EURUSD.MINI.IP,1.16274,1.16283,1.162785,876,1h
2026-03-11T03:54:26.270Z,CS.D.EURUSD.MINI.IP,1.16274,1.16283,1.162785,603,1h
2026-03-11T03:54:26.283Z,CS.D.EURUSD.MINI.IP,1.16274,1.16283,1.162785,1004,1h
2026-03-11T03:54:26.374Z,CS.D.GBPUSD.MINI.IP,1.34485,1.34494,1.3448950000000002,195,1h
2026-03-11T03:54:26.608Z,CS.D.GBPUSD.MINI.IP,1.34485,1.34494,1.3448950000000002,1088,1h
2026-03-11T03:54:26.663Z,CS.D.GBPUSD.MINI.IP,1.34485,1.34494,1.3448950000000002,448,1h
2026-03-11T03:54:27.854Z,CS.D.EURUSD.MINI.IP,1.16275,1.16281,1.16278,1065,1h
2026-03-11T03:54:27.984Z,CS.D.EURUSD.MINI.IP,1.16275,1.16281,1.16278,582,1h
2026-03-11T03:54:28.203Z,CS.D.GBPUSD.MINI.IP,1.34484,1.34493,1.344885,317,1h
2026-03-11T03:54:28.338Z,CS.D.GBPUSD.MINI.IP,1.34484,1.34493,1.344885,124,1h
2026-03-11T03:54:28.957Z,CS.D.EURUSD.MINI.IP,1.16276,1.16282,1.16279,957,1h
2026-03-11T03:54:29.255Z,CS.D.EURUSD.MINI.IP,1.16276,1.16282,1.16279,935,1h
2026-03-11T03:54:29.293Z,CS.D.GBPUSD.MINI.IP,1.34484,1.34493,1.344885,119,1h
2026-03-11T03:54:29.368Z,CS.D.EURUSD.MINI.IP,1.16276,1.16282,1.16279,939,1h
2026-03-11T03:54:29.581Z,CS.D.GBPUSD.MINI.IP,1.34484,1.34493,1.344885,984,1h
2026-03-11T03:54:29.691Z,CS.D.GBPUSD.MINI.IP,1.34484,1.34493,1.344885,359,1h
2026-03-11T03:54:30.366Z,CS.D.EURUSD.MINI.IP,1.16277,1.16283,1.1628,281,1h
2026-03-11T03:54:30.725Z,CS.D.GBPUSD.MINI.IP,1.34483,1.34492,1.344875,713,1h
2026-03-11T03:54:31.471Z,CS.D.EURUSD.MINI.IP,1.16278,1.16284,1.16281,962,1h
2026-03-11T03:54:32.387Z,CS.D.GBPUSD.MINI.IP,1.34482,1.34491,1.344865,366,1h
2026-03-11T03:54:32.485Z,CS.D.EURUSD.MINI.IP,1.16278,1.16284,1.16281,831,1h
2026-03-11T03:54:32.513Z,CS.D.EURUSD.MINI.IP,1.16278,1.16284,1.16281,237,1h
2026-03-11T03:54:32.853Z,CS.D.GBPUSD.MINI.IP,1.34483,1.34492,1.344875,1020,1h
2026-03-11T03:54:32.855Z,CS.D.GBPUSD.MINI.IP,1.34483,1.34492,1.344875,658,1h
2026-03-11T03:54:33.024Z,CS.D.EURUSD.MINI.IP,1.16278,1.16284,1.16281,290,1h
2026-03-11T03:54:33.353Z,CS.D.GBPUSD.MINI.IP,1.34483,1.34492,1.344875,842,1h
2026-03-11T03:54:33.372Z,CS.D.EURUSD.MINI.IP,1.16278,1.16284,1.16281,734,1h
2026-03-11T03:54:33.700Z,CS.D.GBPUSD.MINI.IP,1.34483,1.34492,1.344875,940,1h
2026-03-11T03:54:33.993Z,CS.D.EURUSD.MINI.IP,1.16278,1.16284,1.16281,253,1h
2026-03-11T03:55:26.155Z,CS.D.EURUSD.MINI.IP,1.16278,1.16284,1.16281,361,1h
2026-03-11T03:55:26.395Z,CS.D.EURUSD.MINI.IP,1.16278,1.16284,1.16281,506,1h
2026-03-11T03:55:26.399Z,CS.D.EURUSD.MINI.IP,1.16278,1.16284,1.16281,668,1h
2026-03-11T03:55:26.498Z,CS.D.GBPUSD.MINI.IP,1.34482,1.34491,1.344865,253,1h
2026-03-11T03:55:26.730Z,CS.D.GBPUSD.MINI.IP,1.34482,1.34491,1.344865,915,1h
2026-03-11T03:55:26.741Z,CS.D.GBPUSD.MINI.IP,1.34482,1.34491,1.344865,668,1h
2026-03-11T03:55:27.601Z,CS.D.EURUSD.MINI.IP,1.16278,1.16284,1.16281,578,1h
2026-03-11T03:55:27.935Z,CS.D.GBPUSD.MINI.IP,1.34483,1.34492,1.344875,777,1h
2026-03-11T03:55:28.142Z,CS.D.EURUSD.MINI.IP,1.16278,1.16284,1.16281,653,1h
2026-03-11T03:55:28.495Z,CS.D.GBPUSD.MINI.IP,1.34483,1.34492,1.344875,1080,1h
2026-03-11T03:55:29.260Z,CS.D.EURUSD.MINI.IP,1.16277,1.16283,1.1628,1076,1h
2026-03-11T03:55:29.448Z,CS.D.EURUSD.MINI.IP,1.16277,1.16283,1.1628,659,1h
2026-03-11T03:55:29.465Z,CS.D.EURUSD.MINI.IP,1.16277,1.16283,1.1628,516,1h
2026-03-11T03:55:29.617Z,CS.D.GBPUSD.MINI.IP,1.34483,1.34492,1.344875,604,1h
2026-03-11T03:55:29.784Z,CS.D.GBPUSD.MINI.IP,1.34483,1.34492,1.344875,632,1h
2026-03-11T03:55:29.789Z,CS.D.GBPUSD.MINI.IP,1.34483,1.34492,1.344875,758,1h
2026-03-11T03:55:30.607Z,CS.D.EURUSD.MINI.IP,1.16275,1.16281,1.16278,537,1h
2026-03-11T03:55:30.979Z,CS.D.GBPUSD.MINI.IP,1.34483,1.34492,1.344875,601,1h
2026-03-11T03:55:31.098Z,CS.D.EURUSD.MINI.IP,1.16275,1.16281,1.16278,1019,1h
2026-03-11T03:55:31.420Z,CS.D.GBPUSD.MINI.IP,1.34484,1.34493,1.344885,516,1h
2026-03-11T03:55:32.098Z,CS.D.EURUSD.MINI.IP,1.16275,1.16281,1.16278,1044,1h
2026-03-11T03:55:32.406Z,CS.D.EURUSD.MINI.IP,1.16274,1.1628,1.16277,483,1h
2026-03-11T03:55:32.414Z,CS.D.EURUSD.MINI.IP,1.16274,1.1628,1.16277,838,1h
2026-03-11T03:55:32.435Z,CS.D.GBPUSD.MINI.IP,1.34484,1.34493,1.344885,570,1h
2026-03-11T03:55:32.761Z,CS.D.GBPUSD.MINI.IP,1.34483,1.34492,1.344875,690,1h
2026-03-11T03:55:32.766Z,CS.D.GBPUSD.MINI.IP,1.34483,1.34492,1.344875,430,1h
2026-03-11T03:55:33.600Z,CS.D.EURUSD.MINI.IP,1.16274,1.1628,1.16277,892,1h
2026-03-11T03:55:33.947Z,CS.D.GBPUSD.MINI.IP,1.34483,1.34492,1.344875,333,1h
2026-03-11T03:55:34.136Z,CS.D.EURUSD.MINI.IP,1.16274,1.1628,1.16277,298,1h
2026-03-11T03:56:26.239Z,CS.D.EURUSD.MINI.IP,1.16284,1.1629,1.16287,445,1h
2026-03-11T03:56:26.538Z,CS.D.EURUSD.MINI.IP,1.16284,1.1629,1.16287,984,1h
2026-03-11T03:56:26.555Z,CS.D.EURUSD.MINI.IP,1.16284,1.1629,1.16287,321,1h
2026-03-11T03:56:26.584Z,CS.D.GBPUSD.MINI.IP,1.34491,1.345,1.3449550000000001,670,1h
2026-03-11T03:56:26.892Z,CS.D.GBPUSD.MINI.IP,1.34491,1.345,1.3449550000000001,606,1h
2026-03-11T03:56:26.900Z,CS.D.GBPUSD.MINI.IP,1.34491,1.345,1.3449550000000001,666,1h
2026-03-11T03:56:27.709Z,CS.D.EURUSD.MINI.IP,1.16284,1.1629,1.16287,778,1h
2026-03-11T03:56:28.046Z,CS.D.GBPUSD.MINI.IP,1.3449,1.34499,1.344945,456,1h
2026-03-11T03:56:28.313Z,CS.D.EURUSD.MINI.IP,1.16284,1.1629,1.16287,704,1h
2026-03-11T03:56:28.660Z,CS.D.GBPUSD.MINI.IP,1.3449,1.34499,1.344945,1012,1h
2026-03-11T03:56:29.254Z,CS.D.EURUSD.MINI.IP,1.16284,1.1629,1.16287,619,1h
2026-03-11T03:56:29.573Z,CS.D.EURUSD.MINI.IP,1.16284,1.1629,1.16287,383,1h
2026-03-11T03:56:29.589Z,CS.D.GBPUSD.MINI.IP,1.3449,1.34499,1.344945,241,1h
2026-03-11T03:56:29.664Z,CS.D.EURUSD.MINI.IP,1.16284,1.1629,1.16287,225,1h
2026-03-11T03:56:29.912Z,CS.D.GBPUSD.MINI.IP,1.3449,1.34499,1.344945,350,1h
2026-03-11T03:56:29.980Z,CS.D.GBPUSD.MINI.IP,1.3449,1.34499,1.344945,785,1h
2026-03-11T03:56:30.725Z,CS.D.EURUSD.MINI.IP,1.16284,1.1629,1.16287,1036,1h
2026-03-11T03:56:31.096Z,CS.D.GBPUSD.MINI.IP,1.3449,1.34499,1.344945,237,1h
2026-03-11T03:56:31.315Z,CS.D.EURUSD.MINI.IP,1.16284,1.1629,1.16287,329,1h
2026-03-11T03:56:31.654Z,CS.D.GBPUSD.MINI.IP,1.34491,1.345,1.3449550000000001,789,1h
2026-03-11T03:56:32.366Z,CS.D.EURUSD.MINI.IP,1.16284,1.1629,1.16287,1012,1h
2026-03-11T03:56:32.639Z,CS.D.EURUSD.MINI.IP,1.16284,1.1629,1.16287,638,1h
2026-03-11T03:56:32.642Z,CS.D.EURUSD.MINI.IP,1.16284,1.1629,1.16287,266,1h
2026-03-11T03:56:32.697Z,CS.D.GBPUSD.MINI.IP,1.34491,1.345,1.3449550000000001,241,1h
2026-03-11T03:56:32.981Z,CS.D.GBPUSD.MINI.IP,1.34491,1.345,1.3449550000000001,449,1h
2026-03-11T03:56:32.991Z,CS.D.GBPUSD.MINI.IP,1.34491,1.345,1.3449550000000001,801,1h
2026-03-11T03:56:33.744Z,CS.D.EURUSD.MINI.IP,1.16284,1.1629,1.16287,538,1h
2026-03-11T03:56:34.101Z,CS.D.GBPUSD.MINI.IP,1.34491,1.345,1.3449550000000001,994,1h
2026-03-11T03:56:34.319Z,CS.D.EURUSD.MINI.IP,1.16284,1.1629,1.16287,428,1h
2026-03-11T03:57:26.380Z,CS.D.EURUSD.MINI.IP,1.1629,1.16296,1.16293,974,1h
2026-03-11T03:57:26.723Z,CS.D.GBPUSD.MINI.IP,1.34503,1.34512,1.345075,301,1h
2026-03-11T03:57:27.025Z,CS.D.EURUSD.MINI.IP,1.1629,1.16296,1.16293,536,1h
2026-03-11T03:57:27.037Z,CS.D.EURUSD.MINI.IP,1.1629,1.16296,1.16293,856,1h
2026-03-11T03:57:27.379Z,CS.D.GBPUSD.MINI.IP,1.34503,1.34512,1.345075,1031,1h
2026-03-11T03:57:27.400Z,CS.D.GBPUSD.MINI.IP,1.34503,1.34512,1.345075,400,1h
2026-03-11T03:57:27.838Z,CS.D.EURUSD.MINI.IP,1.1629,1.16296,1.16293,600,1h
2026-03-11T03:57:28.183Z,CS.D.GBPUSD.MINI.IP,1.34503,1.34512,1.345075,867,1h
2026-03-11T03:57:28.446Z,CS.D.EURUSD.MINI.IP,1.1629,1.16296,1.16293,286,1h
2026-03-11T03:57:28.810Z,CS.D.GBPUSD.MINI.IP,1.34503,1.34512,1.345075,270,1h
2026-03-11T03:57:29.372Z,CS.D.EURUSD.MINI.IP,1.1629,1.16296,1.16293,708,1h
2026-03-11T03:57:29.705Z,CS.D.EURUSD.MINI.IP,1.1629,1.16296,1.16293,566,1h
2026-03-11T03:57:29.708Z,CS.D.EURUSD.MINI.IP,1.1629,1.16296,1.16293,644,1h
2026-03-11T03:57:29.722Z,CS.D.GBPUSD.MINI.IP,1.34503,1.34512,1.345075,805,1h
2026-03-11T03:57:30.033Z,CS.D.GBPUSD.MINI.IP,1.34503,1.34512,1.345075,1088,1h
2026-03-11T03:57:30.041Z,CS.D.GBPUSD.MINI.IP,1.34503,1.34512,1.345075,629,1h
2026-03-11T03:57:30.843Z,CS.D.EURUSD.MINI.IP,1.1629,1.16296,1.16293,464,1h
2026-03-11T03:57:31.184Z,CS.D.GBPUSD.MINI.IP,1.34503,1.34512,1.345075,890,1h
2026-03-11T03:57:32.006Z,CS.D.EURUSD.MINI.IP,1.1629,1.16296,1.16293,682,1h
2026-03-11T03:57:32.357Z,CS.D.GBPUSD.MINI.IP,1.34503,1.34512,1.345075,633,1h
2026-03-11T03:57:32.393Z,CS.D.EURUSD.MINI.IP,1.1629,1.16296,1.16293,992,1h
2026-03-11T03:57:32.712Z,CS.D.EURUSD.MINI.IP,1.1629,1.16296,1.16293,389,1h
2026-03-11T03:57:32.715Z,CS.D.EURUSD.MINI.IP,1.1629,1.16296,1.16293,392,1h
2026-03-11T03:57:32.740Z,CS.D.GBPUSD.MINI.IP,1.34503,1.34512,1.345075,384,1h
2026-03-11T03:57:33.046Z,CS.D.GBPUSD.MINI.IP,1.34503,1.34512,1.345075,253,1h
2026-03-11T03:57:33.061Z,CS.D.GBPUSD.MINI.IP,1.34503,1.34512,1.345075,584,1h
2026-03-11T03:58:26.510Z,CS.D.EURUSD.MINI.IP,1.16303,1.16309,1.16306,623,1h
2026-03-11T03:58:26.832Z,CS.D.EURUSD.MINI.IP,1.16303,1.16309,1.16306,534,1h
2026-03-11T03:58:26.851Z,CS.D.GBPUSD.MINI.IP,1.34519,1.34528,1.3452350000000002,835,1h
2026-03-11T03:58:26.857Z,CS.D.EURUSD.MINI.IP,1.16303,1.16309,1.16306,817,1h
2026-03-11T03:58:27.231Z,CS.D.GBPUSD.MINI.IP,1.34519,1.34528,1.3452350000000002,676,1h
2026-03-11T03:58:27.235Z,CS.D.GBPUSD.MINI.IP,1.34519,1.34528,1.3452350000000002,826,1h
2026-03-11T03:58:27.960Z,CS.D.EURUSD.MINI.IP,1.16303,1.16309,1.16306,146,1h
2026-03-11T03:58:28.313Z,CS.D.GBPUSD.MINI.IP,1.34519,1.34528,1.3452350000000002,351,1h
2026-03-11T03:58:28.544Z,CS.D.EURUSD.MINI.IP,1.16303,1.16309,1.16306,412,1h
2026-03-11T03:58:28.965Z,CS.D.GBPUSD.MINI.IP,1.34519,1.34528,1.3452350000000002,541,1h
2026-03-11T03:58:29.538Z,CS.D.EURUSD.MINI.IP,1.16302,1.16308,1.16305,907,1h
2026-03-11T03:58:29.865Z,CS.D.EURUSD.MINI.IP,1.16302,1.16308,1.16305,947,1h
2026-03-11T03:58:29.886Z,CS.D.GBPUSD.MINI.IP,1.34519,1.34528,1.3452350000000002,817,1h
2026-03-11T03:58:29.939Z,CS.D.EURUSD.MINI.IP,1.163,1.16306,1.16303,392,1h
2026-03-11T03:58:30.208Z,CS.D.GBPUSD.MINI.IP,1.34519,1.34528,1.3452350000000002,343,1h
2026-03-11T03:58:30.274Z,CS.D.GBPUSD.MINI.IP,1.34519,1.34528,1.3452350000000002,879,1h
2026-03-11T03:58:30.959Z,CS.D.EURUSD.MINI.IP,1.163,1.16306,1.16303,284,1h
2026-03-11T03:58:31.322Z,CS.D.GBPUSD.MINI.IP,1.34519,1.34528,1.3452350000000002,480,1h
2026-03-11T03:58:31.553Z,CS.D.EURUSD.MINI.IP,1.163,1.16306,1.16303,670,1h
2026-03-11T03:58:31.880Z,CS.D.GBPUSD.MINI.IP,1.34519,1.34528,1.3452350000000002,326,1h
2026-03-11T03:58:32.495Z,CS.D.EURUSD.MINI.IP,1.16305,1.16311,1.16308,343,1h
2026-03-11T03:58:32.817Z,CS.D.EURUSD.MINI.IP,1.16305,1.16311,1.16308,355,1h
2026-03-11T03:58:32.849Z,CS.D.EURUSD.MINI.IP,1.16305,1.16311,1.16308,451,1h
2026-03-11T03:58:32.859Z,CS.D.GBPUSD.MINI.IP,1.34523,1.34532,1.345275,375,1h
2026-03-11T03:58:33.152Z,CS.D.GBPUSD.MINI.IP,1.34524,1.34533,1.345285,408,1h
2026-03-11T03:58:33.187Z,CS.D.GBPUSD.MINI.IP,1.34524,1.34533,1.345285,795,1h
2026-03-11T03:58:33.984Z,CS.D.EURUSD.MINI.IP,1.16305,1.16311,1.16308,740,1h
2026-03-11T03:58:34.340Z,CS.D.GBPUSD.MINI.IP,1.34526,1.34535,1.345305,663,1h
2026-03-11T03:58:34.554Z,CS.D.EURUSD.MINI.IP,1.16305,1.16311,1.16308,519,1h
2026-03-11T03:59:26.678Z,CS.D.EURUSD.MINI.IP,1.16302,1.16308,1.16305,1041,1h
2026-03-11T03:59:26.956Z,CS.D.EURUSD.MINI.IP,1.16302,1.16308,1.16305,996,1h
2026-03-11T03:59:26.963Z,CS.D.EURUSD.MINI.IP,1.16302,1.16308,1.16305,639,1h
2026-03-11T03:59:27.029Z,CS.D.GBPUSD.MINI.IP,1.34519,1.34528,1.3452350000000002,1003,1h
2026-03-11T03:59:27.294Z,CS.D.GBPUSD.MINI.IP,1.34519,1.34528,1.3452350000000002,1029,1h
2026-03-11T03:59:27.296Z,CS.D.GBPUSD.MINI.IP,1.34519,1.34528,1.3452350000000002,189,1h
2026-03-11T03:59:28.107Z,CS.D.EURUSD.MINI.IP,1.16302,1.16308,1.16305,564,1h
2026-03-11T03:59:28.441Z,CS.D.GBPUSD.MINI.IP,1.34519,1.34528,1.3452350000000002,931,1h
2026-03-11T03:59:28.692Z,CS.D.EURUSD.MINI.IP,1.16302,1.16308,1.16305,432,1h
2026-03-11T03:59:29.076Z,CS.D.GBPUSD.MINI.IP,1.34519,1.34528,1.3452350000000002,609,1h
2026-03-11T03:59:29.662Z,CS.D.EURUSD.MINI.IP,1.16302,1.16308,1.16305,317,1h
2026-03-11T03:59:29.975Z,CS.D.EURUSD.MINI.IP,1.16302,1.16308,1.16305,963,1h
2026-03-11T03:59:30.006Z,CS.D.GBPUSD.MINI.IP,1.34519,1.34528,1.3452350000000002,518,1h
2026-03-11T03:59:30.088Z,CS.D.EURUSD.MINI.IP,1.16302,1.16308,1.16305,811,1h
2026-03-11T03:59:30.332Z,CS.D.GBPUSD.MINI.IP,1.34519,1.34528,1.3452350000000002,694,1h
2026-03-11T03:59:30.416Z,CS.D.GBPUSD.MINI.IP,1.34519,1.34528,1.3452350000000002,299,1h
2026-03-11T03:59:31.127Z,CS.D.EURUSD.MINI.IP,1.16302,1.16308,1.16305,439,1h
2026-03-11T03:59:31.476Z,CS.D.GBPUSD.MINI.IP,1.34519,1.34528,1.3452350000000002,348,1h
2026-03-11T03:59:31.716Z,CS.D.EURUSD.MINI.IP,1.16301,1.16307,1.16304,668,1h
2026-03-11T03:59:32.122Z,CS.D.GBPUSD.MINI.IP,1.3452,1.34529,1.345245,525,1h
2026-03-11T03:59:32.676Z,CS.D.EURUSD.MINI.IP,1.16305,1.16311,1.16308,334,1h
2026-03-11T03:59:32.957Z,CS.D.EURUSD.MINI.IP,1.16305,1.16311,1.16308,919,1h
2026-03-11T03:59:32.999Z,CS.D.GBPUSD.MINI.IP,1.3452,1.34529,1.345245,1025,1h
2026-03-11T03:59:33.012Z,CS.D.EURUSD.MINI.IP,1.16305,1.16311,1.16308,503,1h
2026-03-11T03:59:33.285Z,CS.D.GBPUSD.MINI.IP,1.3452,1.34529,1.345245,513,1h
2026-03-11T03:59:33.382Z,CS.D.GBPUSD.MINI.IP,1.3452,1.34529,1.345245,776,1h
2026-03-11T03:59:34.145Z,CS.D.EURUSD.MINI.IP,1.16305,1.16311,1.16308,261,1h
2026-03-11T03:59:34.489Z,CS.D.GBPUSD.MINI.IP,1.34521,1.3453,1.3452549999999999,576,1h
2026-03-11T03:59:34.695Z,CS.D.EURUSD.MINI.IP,1.16305,1.16311,1.16308,427,1h
2026-03-11T04:00:26.787Z,CS.D.EURUSD.MINI.IP,1.16294,1.163,1.16297,1036,1h
2026-03-11T04:00:27.069Z,CS.D.EURUSD.MINI.IP,1.16294,1.163,1.16297,349,1h
2026-03-11T04:00:27.125Z,CS.D.EURUSD.MINI.IP,1.16294,1.163,1.16297,1057,1h
2026-03-11T04:00:27.130Z,CS.D.GBPUSD.MINI.IP,1.34511,1.3452,1.345155,148,1h
2026-03-11T04:00:27.400Z,CS.D.GBPUSD.MINI.IP,1.34511,1.3452,1.345155,822,1h
2026-03-11T04:00:27.454Z,CS.D.GBPUSD.MINI.IP,1.34511,1.3452,1.345155,341,1h
2026-03-11T04:00:28.270Z,CS.D.EURUSD.MINI.IP,1.16294,1.163,1.16297,204,1h
2026-03-11T04:00:28.612Z,CS.D.GBPUSD.MINI.IP,1.34511,1.3452,1.345155,387,1h
2026-03-11T04:00:28.839Z,CS.D.EURUSD.MINI.IP,1.16294,1.163,1.16297,1046,1h
2026-03-11T04:00:29.184Z,CS.D.GBPUSD.MINI.IP,1.34511,1.3452,1.345155,288,1h
2026-03-11T04:00:29.774Z,CS.D.EURUSD.MINI.IP,1.16294,1.163,1.16297,231,1h
2026-03-11T04:00:30.085Z,CS.D.GBPUSD.MINI.IP,1.34511,1.3452,1.345155,214,1h
2026-03-11T04:00:30.111Z,CS.D.EURUSD.MINI.IP,1.16294,1.163,1.16297,385,1h
2026-03-11T04:00:30.174Z,CS.D.EURUSD.MINI.IP,1.16294,1.163,1.16297,113,1h
2026-03-11T04:00:30.430Z,CS.D.GBPUSD.MINI.IP,1.34511,1.3452,1.345155,553,1h
2026-03-11T04:00:30.504Z,CS.D.GBPUSD.MINI.IP,1.34511,1.3452,1.345155,1051,1h
2026-03-11T04:00:31.282Z,CS.D.EURUSD.MINI.IP,1.16294,1.163,1.16297,116,1h
2026-03-11T04:00:31.602Z,CS.D.GBPUSD.MINI.IP,1.34511,1.3452,1.345155,398,1h
2026-03-11T04:00:31.833Z,CS.D.EURUSD.MINI.IP,1.16294,1.163,1.16297,649,1h
2026-03-11T04:00:32.178Z,CS.D.GBPUSD.MINI.IP,1.34511,1.3452,1.345155,591,1h
2026-03-11T04:00:32.787Z,CS.D.EURUSD.MINI.IP,1.16294,1.163,1.16297,112,1h
2026-03-11T04:00:33.075Z,CS.D.EURUSD.MINI.IP,1.16294,1.163,1.16297,592,1h
2026-03-11T04:00:33.128Z,CS.D.GBPUSD.MINI.IP,1.34511,1.3452,1.345155,417,1h
2026-03-11T04:00:33.154Z,CS.D.EURUSD.MINI.IP,1.16294,1.163,1.16297,1031,1h
2026-03-11T04:00:33.405Z,CS.D.GBPUSD.MINI.IP,1.34508,1.34517,1.345125,358,1h
2026-03-11T04:00:33.497Z,CS.D.GBPUSD.MINI.IP,1.34508,1.34517,1.345125,349,1h
2026-03-11T04:00:34.297Z,CS.D.EURUSD.MINI.IP,1.16292,1.16298,1.16295,250,1h
2026-03-11T04:00:34.648Z,CS.D.GBPUSD.MINI.IP,1.34509,1.34518,1.345135,509,1h
2026-03-11T04:00:34.846Z,CS.D.EURUSD.MINI.IP,1.16292,1.16298,1.16295,755,1h
2026-03-11T04:01:26.794Z,CS.D.GBPUSD.MINI.IP,1.34503,1.34512,1.345075,694,1h
2026-03-11T04:01:26.923Z,CS.D.EURUSD.MINI.IP,1.16284,1.1629,1.16287,425,1h
2026-03-11T04:01:27.553Z,CS.D.EURUSD.MINI.IP,1.16284,1.1629,1.16287,761,1h
2026-03-11T04:01:27.589Z,CS.D.EURUSD.MINI.IP,1.16284,1.1629,1.16287,920,1h
2026-03-11T04:01:27.874Z,CS.D.GBPUSD.MINI.IP,1.34503,1.34512,1.345075,837,1h
2026-03-11T04:01:27.905Z,CS.D.GBPUSD.MINI.IP,1.34503,1.34512,1.345075,910,1h
2026-03-11T04:01:28.016Z,CS.D.GBPUSD.MINI.IP,1.34503,1.34512,1.345075,529,1h
2026-03-11T04:01:28.442Z,CS.D.EURUSD.MINI.IP,1.16284,1.1629,1.16287,514,1h
2026-03-11T04:01:28.772Z,CS.D.GBPUSD.MINI.IP,1.34503,1.34512,1.345075,620,1h
2026-03-11T04:01:28.970Z,CS.D.EURUSD.MINI.IP,1.16284,1.1629,1.16287,532,1h
2026-03-11T04:01:29.418Z,CS.D.GBPUSD.MINI.IP,1.34503,1.34512,1.345075,522,1h
2026-03-11T04:01:30.099Z,CS.D.EURUSD.MINI.IP,1.16284,1.1629,1.16287,216,1h
2026-03-11T04:01:30.270Z,CS.D.EURUSD.MINI.IP,1.16284,1.1629,1.16287,136,1h
2026-03-11T04:01:30.275Z,CS.D.EURUSD.MINI.IP,1.16284,1.1629,1.16287,1003,1h
2026-03-11T04:01:30.428Z,CS.D.GBPUSD.MINI.IP,1.34503,1.34512,1.345075,464,1h
2026-03-11T04:01:30.595Z,CS.D.GBPUSD.MINI.IP,1.34503,1.34512,1.345075,1064,1h
2026-03-11T04:01:30.598Z,CS.D.GBPUSD.MINI.IP,1.34503,1.34512,1.345075,703,1h
2026-03-11T04:01:31.413Z,CS.D.EURUSD.MINI.IP,1.16284,1.1629,1.16287,368,1h
2026-03-11T04:01:31.752Z,CS.D.GBPUSD.MINI.IP,1.34503,1.34512,1.345075,903,1h
2026-03-11T04:01:32.037Z,CS.D.EURUSD.MINI.IP,1.16284,1.1629,1.16287,563,1h
2026-03-11T04:01:32.418Z,CS.D.GBPUSD.MINI.IP,1.34501,1.3451,1.345055,783,1h
2026-03-11T04:01:32.940Z,CS.D.EURUSD.MINI.IP,1.16286,1.16292,1.16289,320,1h
2026-03-11T04:01:33.235Z,CS.D.EURUSD.MINI.IP,1.16286,1.16292,1.16289,190,1h
2026-03-11T04:01:33.269Z,CS.D.EURUSD.MINI.IP,1.16286,1.16292,1.16289,924,1h
2026-03-11T04:02:27.066Z,CS.D.EURUSD.MINI.IP,1.16282,1.16288,1.16285,515,1h
2026-03-11T04:02:27.322Z,CS.D.EURUSD.MINI.IP,1.16282,1.16288,1.16285,723,1h
2026-03-11T04:02:27.385Z,CS.D.EURUSD.MINI.IP,1.16282,1.16288,1.16285,144,1h
2026-03-11T04:02:27.399Z,CS.D.GBPUSD.MINI.IP,1.34499,1.34508,1.345035,706,1h
2026-03-11T04:02:27.680Z,CS.D.GBPUSD.MINI.IP,1.34497,1.34506,1.345015,659,1h
2026-03-11T04:02:27.697Z,CS.D.GBPUSD.MINI.IP,1.34497,1.34506,1.345015,541,1h
2026-03-11T04:02:28.611Z,CS.D.EURUSD.MINI.IP,1.1628,1.16286,1.16283,976,1h
2026-03-11T04:02:28.942Z,CS.D.GBPUSD.MINI.IP,1.345,1.34509,1.3450449999999998,698,1h
2026-03-11T04:02:29.089Z,CS.D.EURUSD.MINI.IP,1.16281,1.16287,1.16284,1057,1h
2026-03-11T04:02:29.416Z,CS.D.GBPUSD.MINI.IP,1.34498,1.34507,1.3450250000000001,483,1h
2026-03-11T04:02:30.071Z,CS.D.EURUSD.MINI.IP,1.16281,1.16287,1.16284,710,1h
2026-03-11T04:02:30.333Z,CS.D.EURUSD.MINI.IP,1.16281,1.16287,1.16284,976,1h
2026-03-11T04:02:30.412Z,CS.D.EURUSD.MINI.IP,1.16281,1.16287,1.16284,915,1h
2026-03-11T04:02:30.416Z,CS.D.GBPUSD.MINI.IP,1.34499,1.34508,1.345035,102,1h
2026-03-11T04:02:30.673Z,CS.D.GBPUSD.MINI.IP,1.34499,1.34508,1.345035,844,1h
2026-03-11T04:02:30.757Z,CS.D.GBPUSD.MINI.IP,1.34499,1.34508,1.345035,104,1h
2026-03-11T04:02:31.649Z,CS.D.EURUSD.MINI.IP,1.1628,1.16286,1.16283,900,1h
2026-03-11T04:02:31.993Z,CS.D.GBPUSD.MINI.IP,1.34495,1.34504,1.344995,775,1h
2026-03-11T04:02:32.094Z,CS.D.EURUSD.MINI.IP,1.1628,1.16286,1.16283,177,1h
2026-03-11T04:02:32.447Z,CS.D.GBPUSD.MINI.IP,1.34495,1.34504,1.344995,529,1h
2026-03-11T04:02:33.077Z,CS.D.EURUSD.MINI.IP,1.16278,1.16284,1.16281,731,1h
2026-03-11T04:02:33.421Z,CS.D.EURUSD.MINI.IP,1.16278,1.16284,1.16281,561,1h
2026-03-11T04:02:33.466Z,CS.D.EURUSD.MINI.IP,1.16278,1.16284,1.16281,476,1h
2026-03-11T04:02:33.484Z,CS.D.GBPUSD.MINI.IP,1.34494,1.34503,1.3449849999999999,131,1h
2026-03-11T04:02:33.761Z,CS.D.GBPUSD.MINI.IP,1.34494,1.34503,1.3449849999999999,790,1h
2026-03-11T04:02:33.800Z,CS.D.GBPUSD.MINI.IP,1.34494,1.34503,1.3449849999999999,572,1h
2026-03-11T04:02:34.624Z,CS.D.EURUSD.MINI.IP,1.16278,1.16284,1.16281,308,1h
2026-03-11T04:02:34.981Z,CS.D.GBPUSD.MINI.IP,1.34493,1.34502,1.344975,533,1h
2026-03-11T04:02:35.097Z,CS.D.EURUSD.MINI.IP,1.16278,1.16284,1.16281,654,1h
2026-03-11T04:03:27.287Z,CS.D.EURUSD.MINI.IP,1.16276,1.16282,1.16279,673,1h
2026-03-11T04:03:27.494Z,CS.D.EURUSD.MINI.IP,1.16276,1.16282,1.16279,846,1h
2026-03-11T04:03:27.526Z,CS.D.EURUSD.MINI.IP,1.16276,1.16282,1.16279,878,1h
2026-03-11T04:03:27.625Z,CS.D.GBPUSD.MINI.IP,1.3449,1.34499,1.344945,1013,1h
2026-03-11T04:03:27.832Z,CS.D.GBPUSD.MINI.IP,1.3449,1.34499,1.344945,864,1h
2026-03-11T04:03:27.857Z,CS.D.GBPUSD.MINI.IP,1.3449,1.34499,1.344945,103,1h
2026-03-11T04:03:28.765Z,CS.D.EURUSD.MINI.IP,1.16276,1.16282,1.16279,213,1h
2026-03-11T04:03:29.107Z,CS.D.GBPUSD.MINI.IP,1.3449,1.34499,1.344945,523,1h
2026-03-11T04:03:29.257Z,CS.D.EURUSD.MINI.IP,1.16276,1.16282,1.16279,1067,1h
2026-03-11T04:03:29.601Z,CS.D.GBPUSD.MINI.IP,1.3449,1.34499,1.344945,569,1h
2026-03-11T04:03:30.460Z,CS.D.EURUSD.MINI.IP,1.16276,1.16282,1.16279,1076,1h
2026-03-11T04:03:30.570Z,CS.D.EURUSD.MINI.IP,1.16276,1.16282,1.16279,889,1h
2026-03-11T04:03:30.714Z,CS.D.EURUSD.MINI.IP,1.16276,1.16282,1.16279,588,1h
2026-03-11T04:03:30.789Z,CS.D.GBPUSD.MINI.IP,1.3449,1.34499,1.344945,906,1h
2026-03-11T04:03:30.893Z,CS.D.GBPUSD.MINI.IP,1.3449,1.34499,1.344945,354,1h
2026-03-11T04:03:31.055Z,CS.D.GBPUSD.MINI.IP,1.3449,1.34499,1.344945,830,1h
2026-03-11T04:03:31.776Z,CS.D.EURUSD.MINI.IP,1.16276,1.16282,1.16279,606,1h
2026-03-11T04:03:32.121Z,CS.D.GBPUSD.MINI.IP,1.3449,1.34499,1.344945,118,1h
2026-03-11T04:03:32.249Z,CS.D.EURUSD.MINI.IP,1.16274,1.16283,1.162785,629,1h
2026-03-11T04:03:32.577Z,CS.D.GBPUSD.MINI.IP,1.3449,1.34499,1.344945,791,1h
2026-03-11T04:03:33.216Z,CS.D.EURUSD.MINI.IP,1.16274,1.16283,1.162785,782,1h
2026-03-11T04:03:33.463Z,CS.D.EURUSD.MINI.IP,1.16274,1.16283,1.162785,787,1h
2026-03-11T04:03:33.545Z,CS.D.EURUSD.MINI.IP,1.16274,1.16283,1.162785,187,1h
2026-03-11T04:03:33.549Z,CS.D.GBPUSD.MINI.IP,1.3449,1.34499,1.344945,831,1h
2026-03-11T04:03:33.776Z,CS.D.GBPUSD.MINI.IP,1.3449,1.34499,1.344945,673,1h
2026-03-11T04:03:33.881Z,CS.D.GBPUSD.MINI.IP,1.3449,1.34499,1.344945,957,1h
2026-03-11T04:03:34.736Z,CS.D.EURUSD.MINI.IP,1.16274,1.16283,1.162785,983,1h
2026-03-11T04:03:35.052Z,CS.D.GBPUSD.MINI.IP,1.3449,1.34499,1.344945,436,1h
2026-03-11T04:03:35.254Z,CS.D.EURUSD.MINI.IP,1.16273,1.16282,1.162775,672,1h
2026-03-11T04:04:27.323Z,CS.D.EURUSD.MINI.IP,1.16283,1.16292,1.162875,149,1h
2026-03-11T04:04:27.597Z,CS.D.EURUSD.MINI.IP,1.16283,1.16292,1.162875,1084,1h
2026-03-11T04:04:27.642Z,CS.D.EURUSD.MINI.IP,1.16283,1.16292,1.162875,496,1h
2026-03-11T04:04:27.677Z,CS.D.GBPUSD.MINI.IP,1.34495,1.34504,1.344995,262,1h
2026-03-11T04:04:27.948Z,CS.D.GBPUSD.MINI.IP,1.34495,1.34504,1.344995,718,1h
2026-03-11T04:04:27.973Z,CS.D.GBPUSD.MINI.IP,1.34495,1.34504,1.344995,684,1h
2026-03-11T04:04:28.913Z,CS.D.EURUSD.MINI.IP,1.16283,1.16292,1.162875,563,1h
2026-03-11T04:04:29.259Z,CS.D.GBPUSD.MINI.IP,1.34495,1.34504,1.344995,740,1h
2026-03-11T04:04:29.434Z,CS.D.EURUSD.MINI.IP,1.16283,1.16292,1.162875,809,1h
2026-03-11T04:04:29.783Z,CS.D.GBPUSD.MINI.IP,1.34495,1.34504,1.344995,891,1h
2026-03-11T04:04:30.297Z,CS.D.EURUSD.MINI.IP,1.16283,1.16292,1.162875,139,1h
2026-03-11T04:04:30.603Z,CS.D.EURUSD.MINI.IP,1.16283,1.16292,1.162875,190,1h
2026-03-11T04:04:30.618Z,CS.D.EURUSD.MINI.IP,1.16283,1.16292,1.162875,664,1h
2026-03-11T04:04:30.640Z,CS.D.GBPUSD.MINI.IP,1.34495,1.34504,1.344995,216,1h
2026-03-11T04:04:31.030Z,CS.D.GBPUSD.MINI.IP,1.34495,1.34504,1.344995,598,1h
2026-03-11T04:04:31.054Z,CS.D.GBPUSD.MINI.IP,1.34495,1.34504,1.344995,510,1h
2026-03-11T04:04:31.936Z,CS.D.EURUSD.MINI.IP,1.16283,1.16292,1.162875,770,1h
2026-03-11T04:04:32.262Z,CS.D.GBPUSD.MINI.IP,1.34495,1.34504,1.344995,795,1h
2026-03-11T04:04:32.452Z,CS.D.EURUSD.MINI.IP,1.16283,1.16292,1.162875,747,1h
2026-03-11T04:04:32.821Z,CS.D.GBPUSD.MINI.IP,1.34495,1.34504,1.344995,424,1h
2026-03-11T04:04:33.301Z,CS.D.EURUSD.MINI.IP,1.16283,1.16292,1.162875,544,1h
2026-03-11T04:04:33.578Z,CS.D.EURUSD.MINI.IP,1.16283,1.16292,1.162875,387,1h
2026-03-11T04:04:33.642Z,CS.D.GBPUSD.MINI.IP,1.34495,1.34504,1.344995,921,1h
2026-03-11T04:04:33.667Z,CS.D.EURUSD.MINI.IP,1.16283,1.16292,1.162875,581,1h
2026-03-11T04:04:33.926Z,CS.D.GBPUSD.MINI.IP,1.34495,1.34504,1.344995,423,1h
2026-03-11T04:04:34.008Z,CS.D.GBPUSD.MINI.IP,1.34495,1.34504,1.344995,470,1h
2026-03-11T04:04:34.932Z,CS.D.EURUSD.MINI.IP,1.16283,1.16292,1.162875,818,1h
2026-03-11T04:04:35.288Z,CS.D.GBPUSD.MINI.IP,1.34495,1.34504,1.344995,437,1h
2026-03-11T04:04:35.437Z,CS.D.EURUSD.MINI.IP,1.16283,1.16292,1.162875,367,1h
2026-03-11T04:05:27.416Z,CS.D.EURUSD.MINI.IP,1.16289,1.16298,1.162935,157,1h
2026-03-11T04:05:27.764Z,CS.D.GBPUSD.MINI.IP,1.34502,1.34511,1.345065,865,1h
2026-03-11T04:05:28.091Z,CS.D.EURUSD.MINI.IP,1.16289,1.16298,1.162935,802,1h
2026-03-11T04:05:28.117Z,CS.D.EURUSD.MINI.IP,1.16289,1.16298,1.162935,748,1h
2026-03-11T04:05:28.416Z,CS.D.GBPUSD.MINI.IP,1.34502,1.34511,1.345065,994,1h
2026-03-11T04:05:28.502Z,CS.D.GBPUSD.MINI.IP,1.34502,1.34511,1.345065,166,1h
2026-03-11T04:05:29.085Z,CS.D.EURUSD.MINI.IP,1.16289,1.16298,1.162935,1074,1h
2026-03-11T04:05:29.426Z,CS.D.GBPUSD.MINI.IP,1.34502,1.34511,1.345065,728,1h
2026-03-11T04:05:29.570Z,CS.D.EURUSD.MINI.IP,1.16289,1.16298,1.162935,316,1h
2026-03-11T04:05:29.907Z,CS.D.GBPUSD.MINI.IP,1.34502,1.34511,1.345065,175,1h
2026-03-11T04:05:30.495Z,CS.D.EURUSD.MINI.IP,1.16289,1.16298,1.162935,720,1h
2026-03-11T04:05:30.666Z,CS.D.EURUSD.MINI.IP,1.16289,1.16298,1.162935,813,1h
2026-03-11T04:05:30.832Z,CS.D.EURUSD.MINI.IP,1.16289,1.16298,1.162935,754,1h
2026-03-11T04:05:30.847Z,CS.D.GBPUSD.MINI.IP,1.34501,1.3451,1.345055,262,1h
2026-03-11T04:05:31.004Z,CS.D.GBPUSD.MINI.IP,1.34501,1.3451,1.345055,106,1h
2026-03-11T04:05:31.158Z,CS.D.GBPUSD.MINI.IP,1.34501,1.3451,1.345055,577,1h
2026-03-11T04:05:32.077Z,CS.D.EURUSD.MINI.IP,1.16289,1.16298,1.162935,825,1h
2026-03-11T04:05:32.415Z,CS.D.GBPUSD.MINI.IP,1.34501,1.3451,1.345055,154,1h
2026-03-11T04:05:32.558Z,CS.D.EURUSD.MINI.IP,1.16289,1.16298,1.162935,999,1h
2026-03-11T04:05:32.932Z,CS.D.GBPUSD.MINI.IP,1.34501,1.3451,1.345055,765,1h
2026-03-11T04:05:33.505Z,CS.D.EURUSD.MINI.IP,1.16289,1.16298,1.162935,744,1h
2026-03-11T04:05:33.709Z,CS.D.EURUSD.MINI.IP,1.16289,1.16298,1.162935,199,1h
2026-03-11T04:05:33.896Z,CS.D.EURUSD.MINI.IP,1.16289,1.16298,1.162935,245,1h
2026-03-11T04:05:33.986Z,CS.D.GBPUSD.MINI.IP,1.34501,1.3451,1.345055,859,1h
2026-03-11T04:05:34.061Z,CS.D.GBPUSD.MINI.IP,1.34501,1.3451,1.345055,1097,1h
2026-03-11T04:05:34.320Z,CS.D.GBPUSD.MINI.IP,1.34501,1.3451,1.345055,268,1h
2026-03-11T04:06:27.546Z,CS.D.EURUSD.MINI.IP,1.16282,1.16291,1.162865,687,1h
2026-03-11T04:06:27.781Z,CS.D.EURUSD.MINI.IP,1.16282,1.16291,1.162865,800,1h
2026-03-11T04:06:27.860Z,CS.D.EURUSD.MINI.IP,1.16282,1.16291,1.162865,416,1h
2026-03-11T04:06:27.885Z,CS.D.GBPUSD.MINI.IP,1.34485,1.34494,1.3448950000000002,705,1h
2026-03-11T04:06:28.118Z,CS.D.GBPUSD.MINI.IP,1.34485,1.34494,1.3448950000000002,275,1h
2026-03-11T04:06:28.179Z,CS.D.GBPUSD.MINI.IP,1.34485,1.34494,1.3448950000000002,1044,1h
2026-03-11T04:06:29.195Z,CS.D.EURUSD.MINI.IP,1.16282,1.16291,1.162865,1048,1h
2026-03-11T04:06:29.519Z,CS.D.GBPUSD.MINI.IP,1.34485,1.34494,1.3448950000000002,494,1h
2026-03-11T04:06:29.672Z,CS.D.EURUSD.MINI.IP,1.16282,1.16291,1.162865,506,1h
2026-03-11T04:06:30.019Z,CS.D.GBPUSD.MINI.IP,1.34485,1.34494,1.3448950000000002,146,1h
2026-03-11T04:06:30.555Z,CS.D.EURUSD.MINI.IP,1.16282,1.16291,1.162865,839,1h
2026-03-11T04:06:30.794Z,CS.D.EURUSD.MINI.IP,1.16282,1.16291,1.162865,955,1h
2026-03-11T04:06:30.862Z,CS.D.EURUSD.MINI.IP,1.16282,1.16291,1.162865,812,1h
2026-03-11T04:06:30.881Z,CS.D.GBPUSD.MINI.IP,1.34484,1.34493,1.344885,547,1h
2026-03-11T04:06:31.124Z,CS.D.GBPUSD.MINI.IP,1.34484,1.34493,1.344885,122,1h
2026-03-11T04:06:31.202Z,CS.D.GBPUSD.MINI.IP,1.34484,1.34493,1.344885,939,1h
2026-03-11T04:06:32.209Z,CS.D.EURUSD.MINI.IP,1.16283,1.16292,1.162875,1015,1h
2026-03-11T04:06:32.586Z,CS.D.GBPUSD.MINI.IP,1.34485,1.34494,1.3448950000000002,605,1h
2026-03-11T04:06:32.671Z,CS.D.EURUSD.MINI.IP,1.16283,1.16292,1.162875,278,1h
2026-03-11T04:06:32.983Z,CS.D.GBPUSD.MINI.IP,1.34486,1.34495,1.344905,763,1h
2026-03-11T04:06:33.547Z,CS.D.EURUSD.MINI.IP,1.16283,1.16292,1.162875,471,1h
2026-03-11T04:06:33.774Z,CS.D.EURUSD.MINI.IP,1.16283,1.16292,1.162875,814,1h
2026-03-11T04:06:33.886Z,CS.D.EURUSD.MINI.IP,1.16283,1.16292,1.162875,715,1h
2026-03-11T04:06:33.891Z,CS.D.GBPUSD.MINI.IP,1.34487,1.34496,1.3449149999999999,375,1h
2026-03-11T04:06:34.125Z,CS.D.GBPUSD.MINI.IP,1.34487,1.34496,1.3449149999999999,148,1h
2026-03-11T04:06:34.214Z,CS.D.GBPUSD.MINI.IP,1.34487,1.34496,1.3449149999999999,933,1h
2026-03-11T04:06:35.181Z,CS.D.EURUSD.MINI.IP,1.16284,1.16293,1.1628850000000002,978,1h
2026-03-11T04:06:35.560Z,CS.D.GBPUSD.MINI.IP,1.34487,1.34496,1.3449149999999999,955,1h
2026-03-11T04:06:35.692Z,CS.D.EURUSD.MINI.IP,1.16284,1.16293,1.1628850000000002,355,1h
2026-03-11T04:07:27.752Z,CS.D.GBPUSD.MINI.IP,1.34495,1.34504,1.344995,439,1h
2026-03-11T04:07:27.768Z,CS.D.EURUSD.MINI.IP,1.16288,1.16297,1.162925,1020,1h
2026-03-11T04:07:27.997Z,CS.D.EURUSD.MINI.IP,1.16288,1.16297,1.162925,597,1h
2026-03-11T04:07:28.038Z,CS.D.GBPUSD.MINI.IP,1.34495,1.34504,1.344995,912,1h
2026-03-11T04:07:28.050Z,CS.D.EURUSD.MINI.IP,1.16288,1.16297,1.162925,361,1h
2026-03-11T04:07:28.085Z,CS.D.EURUSD.MINI.IP,1.16288,1.16297,1.162925,646,1h
2026-03-11T04:07:28.126Z,CS.D.GBPUSD.MINI.IP,1.34495,1.34504,1.344995,677,1h
2026-03-11T04:07:28.328Z,CS.D.GBPUSD.MINI.IP,1.34495,1.34504,1.344995,578,1h
2026-03-11T04:07:28.367Z,CS.D.GBPUSD.MINI.IP,1.34495,1.34504,1.344995,1042,1h
2026-03-11T04:07:28.378Z,CS.D.EURUSD.MINI.IP,1.16288,1.16297,1.162925,452,1h
2026-03-11T04:07:28.401Z,CS.D.GBPUSD.MINI.IP,1.34495,1.34504,1.344995,297,1h
2026-03-11T04:07:28.712Z,CS.D.GBPUSD.MINI.IP,1.34495,1.34504,1.344995,507,1h
2026-03-11T04:07:29.375Z,CS.D.EURUSD.MINI.IP,1.16288,1.16297,1.162925,1028,1h
2026-03-11T04:07:31.849Z,CS.D.GBPUSD.MINI.IP,1.34495,1.34504,1.344995,339,1h
2026-03-11T04:07:31.852Z,CS.D.EURUSD.MINI.IP,1.16288,1.16297,1.162925,783,1h
2026-03-11T04:07:32.794Z,CS.D.EURUSD.MINI.IP,1.16289,1.16298,1.162935,708,1h
2026-03-11T04:07:32.941Z,CS.D.EURUSD.MINI.IP,1.16289,1.16298,1.162935,304,1h
2026-03-11T04:07:33.073Z,CS.D.EURUSD.MINI.IP,1.16289,1.16298,1.162935,154,1h
2026-03-11T04:07:33.617Z,CS.D.GBPUSD.MINI.IP,1.34495,1.34504,1.344995,754,1h
2026-03-11T04:07:33.644Z,CS.D.EURUSD.MINI.IP,1.16289,1.16298,1.162935,109,1h
2026-03-11T04:07:33.720Z,CS.D.EURUSD.MINI.IP,1.16289,1.16298,1.162935,356,1h
2026-03-11T04:07:33.790Z,CS.D.GBPUSD.MINI.IP,1.34495,1.34504,1.344995,608,1h
2026-03-11T04:07:33.813Z,CS.D.GBPUSD.MINI.IP,1.34495,1.34504,1.344995,517,1h
2026-03-11T04:07:33.827Z,CS.D.GBPUSD.MINI.IP,1.34495,1.34504,1.344995,1047,1h
2026-03-11T04:07:34.057Z,CS.D.GBPUSD.MINI.IP,1.34495,1.34504,1.344995,1024,1h
2026-03-11T04:07:34.066Z,CS.D.EURUSD.MINI.IP,1.16289,1.16298,1.162935,265,1h
2026-03-11T04:07:34.155Z,CS.D.GBPUSD.MINI.IP,1.34495,1.34504,1.344995,868,1h
2026-03-11T04:07:34.160Z,CS.D.EURUSD.MINI.IP,1.16289,1.16298,1.162935,754,1h
2026-03-11T04:07:34.164Z,CS.D.EURUSD.MINI.IP,1.16289,1.16298,1.162935,772,1h
2026-03-11T04:08:27.803Z,CS.D.GBPUSD.MINI.IP,1.34494,1.34503,1.3449849999999999,930,1h
2026-03-11T04:08:28.240Z,CS.D.EURUSD.MINI.IP,1.1629,1.16299,1.1629450000000001,516,1h
2026-03-11T04:08:28.636Z,CS.D.EURUSD.MINI.IP,1.1629,1.16299,1.1629450000000001,585,1h
2026-03-11T04:08:28.741Z,CS.D.EURUSD.MINI.IP,1.1629,1.16299,1.1629450000000001,376,1h
2026-03-11T04:08:29.474Z,CS.D.GBPUSD.MINI.IP,1.34494,1.34503,1.3449849999999999,552,1h
2026-03-11T04:08:29.495Z,CS.D.GBPUSD.MINI.IP,1.34494,1.34503,1.3449849999999999,472,1h
2026-03-11T04:08:29.540Z,CS.D.GBPUSD.MINI.IP,1.34494,1.34503,1.3449849999999999,601,1h
2026-03-11T04:08:29.630Z,CS.D.EURUSD.MINI.IP,1.1629,1.16299,1.1629450000000001,511,1h
2026-03-11T04:08:29.933Z,CS.D.EURUSD.MINI.IP,1.1629,1.16299,1.1629450000000001,787,1h
2026-03-11T04:08:29.946Z,CS.D.GBPUSD.MINI.IP,1.34494,1.34503,1.3449849999999999,135,1h
2026-03-11T04:08:30.264Z,CS.D.GBPUSD.MINI.IP,1.34494,1.34503,1.3449849999999999,899,1h
2026-03-11T04:08:30.910Z,CS.D.EURUSD.MINI.IP,1.1629,1.16299,1.1629450000000001,509,1h
2026-03-11T04:08:30.994Z,CS.D.EURUSD.MINI.IP,1.1629,1.16299,1.1629450000000001,824,1h
2026-03-11T04:08:31.156Z,CS.D.EURUSD.MINI.IP,1.1629,1.16299,1.1629450000000001,1075,1h
2026-03-11T04:08:31.243Z,CS.D.GBPUSD.MINI.IP,1.34494,1.34503,1.3449849999999999,652,1h
2026-03-11T04:08:31.344Z,CS.D.GBPUSD.MINI.IP,1.34494,1.34503,1.3449849999999999,1019,1h
2026-03-11T04:08:31.500Z,CS.D.GBPUSD.MINI.IP,1.34494,1.34503,1.3449849999999999,985,1h
2026-03-11T04:08:32.595Z,CS.D.EURUSD.MINI.IP,1.16289,1.16298,1.162935,162,1h
2026-03-11T04:08:32.935Z,CS.D.GBPUSD.MINI.IP,1.34496,1.34505,1.345005,273,1h
2026-03-11T04:08:32.959Z,CS.D.EURUSD.MINI.IP,1.1629,1.16299,1.1629450000000001,418,1h
2026-03-11T04:08:33.295Z,CS.D.GBPUSD.MINI.IP,1.34496,1.34505,1.345005,230,1h
2026-03-11T04:08:33.972Z,CS.D.EURUSD.MINI.IP,1.1629,1.16299,1.1629450000000001,416,1h
2026-03-11T04:08:34.042Z,CS.D.EURUSD.MINI.IP,1.1629,1.16299,1.1629450000000001,138,1h
2026-03-11T04:08:34.170Z,CS.D.EURUSD.MINI.IP,1.1629,1.16299,1.1629450000000001,770,1h
2026-03-11T04:08:38.024Z,CS.D.GBPUSD.MINI.IP,1.34498,1.34507,1.3450250000000001,183,1h
2026-03-11T04:08:38.034Z,CS.D.GBPUSD.MINI.IP,1.34498,1.34507,1.3450250000000001,995,1h
2026-03-11T04:08:38.044Z,CS.D.GBPUSD.MINI.IP,1.34498,1.34507,1.3450250000000001,911,1h
2026-03-11T04:08:39.214Z,CS.D.EURUSD.MINI.IP,1.16291,1.163,1.1629550000000002,374,1h
2026-03-11T04:08:39.228Z,CS.D.EURUSD.MINI.IP,1.16291,1.163,1.1629550000000002,634,1h
2026-03-11T04:09:29.347Z,CS.D.GBPUSD.MINI.IP,1.34488,1.34497,1.344925,737,1h
2026-03-11T04:09:29.623Z,CS.D.GBPUSD.MINI.IP,1.34488,1.34497,1.344925,568,1h
2026-03-11T04:09:29.812Z,CS.D.GBPUSD.MINI.IP,1.34488,1.34497,1.344925,718,1h
2026-03-11T04:09:30.274Z,CS.D.EURUSD.MINI.IP,1.1629,1.16299,1.1629450000000001,360,1h
2026-03-11T04:09:30.336Z,CS.D.EURUSD.MINI.IP,1.1629,1.16299,1.1629450000000001,110,1h
2026-03-11T04:09:30.950Z,CS.D.GBPUSD.MINI.IP,1.34488,1.34497,1.344925,217,1h
2026-03-11T04:09:31.098Z,CS.D.GBPUSD.MINI.IP,1.34488,1.34497,1.344925,863,1h
2026-03-11T04:09:31.237Z,CS.D.EURUSD.MINI.IP,1.1629,1.16299,1.1629450000000001,545,1h
2026-03-11T04:09:31.560Z,CS.D.GBPUSD.MINI.IP,1.34488,1.34497,1.344925,1098,1h
2026-03-11T04:09:31.571Z,CS.D.EURUSD.MINI.IP,1.1629,1.16299,1.1629450000000001,623,1h
2026-03-11T04:09:31.583Z,CS.D.EURUSD.MINI.IP,1.1629,1.16299,1.1629450000000001,858,1h
2026-03-11T04:09:31.599Z,CS.D.EURUSD.MINI.IP,1.1629,1.16299,1.1629450000000001,681,1h
2026-03-11T04:09:31.674Z,CS.D.EURUSD.MINI.IP,1.1629,1.16299,1.1629450000000001,465,1h
2026-03-11T04:09:31.683Z,CS.D.EURUSD.MINI.IP,1.1629,1.16299,1.1629450000000001,939,1h
2026-03-11T04:09:31.702Z,CS.D.EURUSD.MINI.IP,1.1629,1.16299,1.1629450000000001,1012,1h
2026-03-11T04:09:31.860Z,CS.D.EURUSD.MINI.IP,1.1629,1.16299,1.1629450000000001,880,1h
2026-03-11T04:09:31.899Z,CS.D.GBPUSD.MINI.IP,1.34488,1.34497,1.344925,763,1h
2026-03-11T04:09:31.915Z,CS.D.GBPUSD.MINI.IP,1.34488,1.34497,1.344925,270,1h
2026-03-11T04:09:31.934Z,CS.D.GBPUSD.MINI.IP,1.34488,1.34497,1.344925,948,1h
2026-03-11T04:09:32.087Z,CS.D.GBPUSD.MINI.IP,1.34488,1.34497,1.344925,197,1h
2026-03-11T04:09:32.096Z,CS.D.GBPUSD.MINI.IP,1.34488,1.34497,1.344925,808,1h
2026-03-11T04:13:13.622Z,CS.D.EURUSD.MINI.IP,1.16291,1.163,1.1629550000000002,105,1h
2026-03-11T04:13:13.773Z,CS.D.EURUSD.MINI.IP,1.16291,1.163,1.1629550000000002,533,1h
2026-03-11T04:13:13.799Z,CS.D.EURUSD.MINI.IP,1.16291,1.163,1.1629550000000002,1056,1h
2026-03-11T04:13:13.975Z,CS.D.GBPUSD.MINI.IP,1.34485,1.34494,1.3448950000000002,339,1h
2026-03-11T04:13:14.109Z,CS.D.GBPUSD.MINI.IP,1.34484,1.34493,1.344885,961,1h
2026-03-11T04:13:14.139Z,CS.D.GBPUSD.MINI.IP,1.34484,1.34493,1.344885,364,1h
2026-03-11T04:13:15.578Z,CS.D.EURUSD.MINI.IP,1.16291,1.163,1.1629550000000002,903,1h
2026-03-11T04:13:15.915Z,CS.D.GBPUSD.MINI.IP,1.34484,1.34493,1.344885,252,1h
2026-03-11T04:13:16.642Z,CS.D.EURUSD.MINI.IP,1.16291,1.163,1.1629550000000002,181,1h
2026-03-11T04:13:16.977Z,CS.D.GBPUSD.MINI.IP,1.34485,1.34494,1.3448950000000002,962,1h
2026-03-11T04:13:18.643Z,CS.D.EURUSD.MINI.IP,1.16291,1.163,1.1629550000000002,940,1h
2026-03-11T04:13:18.989Z,CS.D.GBPUSD.MINI.IP,1.34485,1.34494,1.3448950000000002,366,1h
2026-03-11T04:13:19.720Z,CS.D.EURUSD.MINI.IP,1.16291,1.163,1.1629550000000002,149,1h
2026-03-11T04:13:19.826Z,CS.D.EURUSD.MINI.IP,1.16291,1.163,1.1629550000000002,409,1h
2026-03-11T04:13:19.830Z,CS.D.EURUSD.MINI.IP,1.16291,1.163,1.1629550000000002,258,1h
2026-03-11T04:13:20.196Z,CS.D.GBPUSD.MINI.IP,1.34485,1.34494,1.3448950000000002,771,1h
2026-03-11T04:13:20.352Z,CS.D.GBPUSD.MINI.IP,1.34485,1.34494,1.3448950000000002,583,1h
2026-03-11T04:13:20.369Z,CS.D.GBPUSD.MINI.IP,1.34485,1.34494,1.3448950000000002,740,1h
2026-03-11T04:13:21.308Z,CS.D.EURUSD.MINI.IP,1.16291,1.163,1.1629550000000002,695,1h
2026-03-11T04:13:21.663Z,CS.D.GBPUSD.MINI.IP,1.34485,1.34494,1.3448950000000002,577,1h
2026-03-11T04:13:21.708Z,CS.D.EURUSD.MINI.IP,1.16291,1.163,1.1629550000000002,419,1h
2026-03-11T04:13:22.049Z,CS.D.GBPUSD.MINI.IP,1.34485,1.34494,1.3448950000000002,144,1h
2026-03-11T04:13:24.720Z,CS.D.EURUSD.MINI.IP,1.16291,1.163,1.1629550000000002,941,1h
2026-03-11T04:13:25.173Z,CS.D.GBPUSD.MINI.IP,1.34487,1.34496,1.3449149999999999,247,1h
2026-03-11T04:13:25.747Z,CS.D.EURUSD.MINI.IP,1.16291,1.163,1.1629550000000002,839,1h
2026-03-11T04:13:25.805Z,CS.D.EURUSD.MINI.IP,1.16291,1.163,1.1629550000000002,284,1h
2026-03-11T04:13:25.841Z,CS.D.EURUSD.MINI.IP,1.16291,1.163,1.1629550000000002,515,1h
2026-03-11T04:13:26.094Z,CS.D.GBPUSD.MINI.IP,1.34487,1.34496,1.3449149999999999,916,1h
2026-03-11T04:13:56.191Z,CS.D.EURUSD.MINI.IP,1.16295,1.16304,1.162995,230,1h
2026-03-11T04:13:56.556Z,CS.D.GBPUSD.MINI.IP,1.3449,1.34499,1.344945,227,1h
2026-03-11T04:13:57.418Z,CS.D.EURUSD.MINI.IP,1.16293,1.16302,1.1629749999999999,757,1h
2026-03-11T04:13:57.758Z,CS.D.GBPUSD.MINI.IP,1.34492,1.34501,1.344965,600,1h
2026-03-11T04:13:59.722Z,CS.D.EURUSD.MINI.IP,1.16296,1.16305,1.163005,796,1h
2026-03-11T04:14:00.137Z,CS.D.GBPUSD.MINI.IP,1.34491,1.345,1.3449550000000001,900,1h
2026-03-11T04:14:02.351Z,CS.D.EURUSD.MINI.IP,1.16294,1.16303,1.162985,386,1h
2026-03-11T04:14:02.683Z,CS.D.GBPUSD.MINI.IP,1.34488,1.34497,1.344925,1079,1h
2026-03-11T04:14:03.434Z,CS.D.EURUSD.MINI.IP,1.16294,1.16303,1.162985,350,1h
2026-03-11T04:14:03.865Z,CS.D.GBPUSD.MINI.IP,1.34488,1.34497,1.344925,213,1h
2026-03-11T04:14:07.924Z,CS.D.EURUSD.MINI.IP,1.16297,1.16306,1.1630150000000001,501,1h
2026-03-11T04:14:07.947Z,CS.D.EURUSD.MINI.IP,1.16297,1.16306,1.1630150000000001,502,1h
2026-03-11T04:14:08.254Z,CS.D.GBPUSD.MINI.IP,1.34498,1.34507,1.3450250000000001,153,1h
2026-03-11T04:14:08.298Z,CS.D.GBPUSD.MINI.IP,1.34498,1.34507,1.3450250000000001,208,1h
2026-03-11T04:14:09.453Z,CS.D.EURUSD.MINI.IP,1.16301,1.1631,1.163055,408,1h
2026-03-11T04:14:09.854Z,CS.D.GBPUSD.MINI.IP,1.34499,1.34508,1.345035,570,1h
2026-03-11T04:14:20.225Z,CS.D.EURUSD.MINI.IP,1.16305,1.16314,1.163095,827,1h
2026-03-11T04:14:20.584Z,CS.D.GBPUSD.MINI.IP,1.34506,1.34515,1.345105,1020,1h
2026-03-11T04:14:23.236Z,CS.D.EURUSD.MINI.IP,1.16305,1.16314,1.163095,864,1h
2026-03-11T04:14:23.257Z,CS.D.EURUSD.MINI.IP,1.16305,1.16314,1.163095,163,1h
2026-03-11T04:14:23.568Z,CS.D.GBPUSD.MINI.IP,1.34504,1.34513,1.345085,733,1h
2026-03-11T04:14:23.617Z,CS.D.GBPUSD.MINI.IP,1.34504,1.34513,1.345085,691,1h
2026-03-11T04:14:26.682Z,CS.D.EURUSD.MINI.IP,1.16306,1.16315,1.1631049999999998,313,1h
2026-03-11T04:14:27.029Z,CS.D.GBPUSD.MINI.IP,1.34504,1.34513,1.345085,812,1h
2026-03-11T04:14:29.992Z,CS.D.EURUSD.MINI.IP,1.16306,1.16315,1.1631049999999998,214,1h
2026-03-11T04:14:30.469Z,CS.D.GBPUSD.MINI.IP,1.34504,1.34513,1.345085,593,1h
2026-03-11T04:16:38.634Z,CS.D.EURUSD.MINI.IP,1.16307,1.16316,1.163115,340,1h
2026-03-11T04:16:38.961Z,CS.D.GBPUSD.MINI.IP,1.345,1.34509,1.3450449999999998,518,1h
2026-03-11T04:16:44.317Z,CS.D.EURUSD.MINI.IP,1.16307,1.16316,1.163115,1057,1h
2026-03-11T04:16:44.652Z,CS.D.GBPUSD.MINI.IP,1.345,1.34509,1.3450449999999998,421,1h
2026-03-11T04:16:44.678Z,CS.D.EURUSD.MINI.IP,1.16307,1.16316,1.163115,1038,1h
2026-03-11T04:16:45.099Z,CS.D.GBPUSD.MINI.IP,1.345,1.34509,1.3450449999999998,643,1h
2026-03-11T04:16:45.295Z,CS.D.EURUSD.MINI.IP,1.16307,1.16316,1.163115,474,1h
2026-03-11T04:16:45.640Z,CS.D.GBPUSD.MINI.IP,1.345,1.34509,1.3450449999999998,130,1h
2026-03-11T04:16:46.268Z,CS.D.EURUSD.MINI.IP,1.16307,1.16316,1.163115,407,1h
2026-03-11T04:16:46.655Z,CS.D.GBPUSD.MINI.IP,1.34501,1.3451,1.345055,475,1h
2026-03-11T04:16:49.271Z,CS.D.EURUSD.MINI.IP,1.16308,1.16317,1.163125,807,1h
2026-03-11T04:16:49.605Z,CS.D.GBPUSD.MINI.IP,1.345,1.34509,1.3450449999999998,258,1h
2026-03-11T04:16:50.333Z,CS.D.EURUSD.MINI.IP,1.16308,1.16317,1.163125,517,1h
2026-03-11T04:16:50.662Z,CS.D.EURUSD.MINI.IP,1.16308,1.16317,1.163125,982,1h
2026-03-11T04:16:50.681Z,CS.D.GBPUSD.MINI.IP,1.345,1.34509,1.3450449999999998,528,1h
2026-03-11T04:16:50.686Z,CS.D.EURUSD.MINI.IP,1.16308,1.16317,1.163125,990,1h
