timestamp,epic,bid,ask,price,volume,timeframe
2026-03-11T04:33:59.875Z,CS.D.EURUSD.MINI.IP,1.16316,1.16325,1.163205,986,1s
2026-03-11T04:34:00.718Z,CS.D.GBPUSD.MINI.IP,1.34508,1.34517,1.345125,813,1s
2026-03-11T04:34:02.967Z,CS.D.EURUSD.MINI.IP,1.16318,1.16327,1.1632250000000002,107,1s
2026-03-11T04:34:03.322Z,CS.D.GBPUSD.MINI.IP,1.34508,1.34517,1.345125,785,1s
2026-03-11T04:34:05.449Z,CS.D.EURUSD.MINI.IP,1.16319,1.16328,1.163235,574,1s
2026-03-11T04:34:05.795Z,CS.D.GBPUSD.MINI.IP,1.34512,1.34521,1.3451650000000002,939,1s
2026-03-11T04:34:08.459Z,CS.D.EURUSD.MINI.IP,1.16319,1.16328,1.163235,444,1s
2026-03-11T04:34:08.827Z,CS.D.GBPUSD.MINI.IP,1.34512,1.34521,1.3451650000000002,282,1s
2026-03-11T04:34:11.474Z,CS.D.EURUSD.MINI.IP,1.1632,1.16329,1.1632449999999999,819,1s
2026-03-11T04:34:11.908Z,CS.D.GBPUSD.MINI.IP,1.34515,1.34524,1.345195,532,1s
2026-03-11T04:34:14.516Z,CS.D.EURUSD.MINI.IP,1.1632,1.16329,1.1632449999999999,251,1s
2026-03-11T04:34:14.900Z,CS.D.GBPUSD.MINI.IP,1.34515,1.34524,1.345195,462,1s
2026-03-11T04:34:17.528Z,CS.D.EURUSD.MINI.IP,1.16319,1.16328,1.163235,144,1s
2026-03-11T04:34:17.890Z,CS.D.GBPUSD.MINI.IP,1.34515,1.34524,1.345195,594,1s
2026-03-11T04:34:20.490Z,CS.D.EURUSD.MINI.IP,1.1632,1.16329,1.1632449999999999,1023,1s
2026-03-11T04:34:20.813Z,CS.D.GBPUSD.MINI.IP,1.34518,1.34527,1.3452250000000001,675,1s
2026-03-11T04:34:23.559Z,CS.D.EURUSD.MINI.IP,1.1632,1.16329,1.1632449999999999,966,1s
2026-03-11T04:34:23.892Z,CS.D.GBPUSD.MINI.IP,1.34518,1.34527,1.3452250000000001,918,1s
2026-03-11T04:34:26.594Z,CS.D.EURUSD.MINI.IP,1.1632,1.16329,1.1632449999999999,186,1s
2026-03-11T04:34:26.936Z,CS.D.GBPUSD.MINI.IP,1.34518,1.34527,1.3452250000000001,129,1s
2026-03-11T04:34:29.654Z,CS.D.EURUSD.MINI.IP,1.16321,1.1633,1.163255,360,1s
2026-03-11T04:34:29.992Z,CS.D.GBPUSD.MINI.IP,1.34518,1.34527,1.3452250000000001,351,1s
2026-03-11T04:34:32.597Z,CS.D.EURUSD.MINI.IP,1.16321,1.1633,1.163255,689,1s
2026-03-11T04:34:32.940Z,CS.D.GBPUSD.MINI.IP,1.34518,1.34527,1.3452250000000001,645,1s
2026-03-11T04:34:35.600Z,CS.D.EURUSD.MINI.IP,1.16322,1.16331,1.163265,272,1s
2026-03-11T04:34:35.927Z,CS.D.GBPUSD.MINI.IP,1.34519,1.34528,1.3452350000000002,601,1s
2026-03-11T04:34:53.626Z,CS.D.EURUSD.MINI.IP,1.16318,1.16327,1.1632250000000002,163,1s
2026-03-11T04:34:53.988Z,CS.D.GBPUSD.MINI.IP,1.34508,1.34517,1.345125,680,1s
2026-03-11T04:34:56.659Z,CS.D.EURUSD.MINI.IP,1.16318,1.16327,1.1632250000000002,285,1s
2026-03-11T04:34:57.005Z,CS.D.GBPUSD.MINI.IP,1.34507,1.34516,1.3451149999999998,102,1s
2026-03-11T04:34:59.676Z,CS.D.EURUSD.MINI.IP,1.16317,1.16326,1.163215,191,1s
2026-03-11T04:35:00.027Z,CS.D.GBPUSD.MINI.IP,1.34506,1.34515,1.345105,963,1s
2026-03-11T04:35:02.684Z,CS.D.EURUSD.MINI.IP,1.16317,1.16326,1.163215,869,1s
2026-03-11T04:35:03.016Z,CS.D.GBPUSD.MINI.IP,1.34505,1.34514,1.3450950000000002,649,1s
2026-03-11T04:35:05.682Z,CS.D.EURUSD.MINI.IP,1.16319,1.16328,1.163235,105,1s
2026-03-11T04:35:06.039Z,CS.D.GBPUSD.MINI.IP,1.34507,1.34516,1.3451149999999998,667,1s
2026-03-11T04:35:08.758Z,CS.D.EURUSD.MINI.IP,1.16319,1.16328,1.163235,725,1s
2026-03-11T04:35:09.079Z,CS.D.GBPUSD.MINI.IP,1.34508,1.34517,1.345125,651,1s
2026-03-11T04:35:12.240Z,CS.D.EURUSD.MINI.IP,1.16319,1.16328,1.163235,820,1s
2026-03-11T04:35:12.704Z,CS.D.GBPUSD.MINI.IP,1.34507,1.34516,1.3451149999999998,610,1s
2026-03-11T04:35:14.716Z,CS.D.EURUSD.MINI.IP,1.16319,1.16328,1.163235,424,1s
2026-03-11T04:35:15.054Z,CS.D.GBPUSD.MINI.IP,1.34507,1.34516,1.3451149999999998,882,1s
2026-03-11T04:35:17.719Z,CS.D.EURUSD.MINI.IP,1.16319,1.16328,1.163235,786,1s
2026-03-11T04:35:18.066Z,CS.D.GBPUSD.MINI.IP,1.34506,1.34515,1.345105,307,1s
2026-03-11T04:35:20.759Z,CS.D.EURUSD.MINI.IP,1.16319,1.16328,1.163235,422,1s
2026-03-11T04:35:21.107Z,CS.D.GBPUSD.MINI.IP,1.34506,1.34515,1.345105,901,1s
2026-03-11T04:35:23.749Z,CS.D.EURUSD.MINI.IP,1.16319,1.16328,1.163235,485,1s
2026-03-11T04:35:24.102Z,CS.D.GBPUSD.MINI.IP,1.34506,1.34515,1.345105,1083,1s
2026-03-11T04:35:26.737Z,CS.D.EURUSD.MINI.IP,1.16319,1.16328,1.163235,1000,1s
2026-03-11T04:35:27.061Z,CS.D.GBPUSD.MINI.IP,1.34506,1.34515,1.345105,931,1s
2026-03-11T04:35:29.746Z,CS.D.EURUSD.MINI.IP,1.16319,1.16328,1.163235,643,1s
2026-03-11T04:35:30.132Z,CS.D.GBPUSD.MINI.IP,1.34506,1.34515,1.345105,182,1s
2026-03-11T04:35:32.767Z,CS.D.EURUSD.MINI.IP,1.16319,1.16328,1.163235,266,1s
2026-03-11T04:35:53.827Z,CS.D.EURUSD.MINI.IP,1.16323,1.16332,1.163275,413,1s
2026-03-11T04:35:54.256Z,CS.D.GBPUSD.MINI.IP,1.3451,1.34519,1.345145,665,1s
2026-03-11T04:35:56.841Z,CS.D.EURUSD.MINI.IP,1.16323,1.16332,1.163275,547,1s
2026-03-11T04:35:57.206Z,CS.D.GBPUSD.MINI.IP,1.34509,1.34518,1.345135,320,1s
2026-03-11T04:35:59.843Z,CS.D.EURUSD.MINI.IP,1.16323,1.16332,1.163275,850,1s
2026-03-11T04:36:00.174Z,CS.D.GBPUSD.MINI.IP,1.34509,1.34518,1.345135,874,1s
2026-03-11T04:36:02.849Z,CS.D.EURUSD.MINI.IP,1.16323,1.16332,1.163275,1088,1s
2026-03-11T04:36:03.232Z,CS.D.GBPUSD.MINI.IP,1.34509,1.34518,1.345135,323,1s
2026-03-11T04:36:06.381Z,CS.D.EURUSD.MINI.IP,1.16322,1.16331,1.163265,793,1s
2026-03-11T04:36:06.721Z,CS.D.GBPUSD.MINI.IP,1.34509,1.34518,1.345135,135,1s
2026-03-11T04:36:08.894Z,CS.D.EURUSD.MINI.IP,1.16323,1.16332,1.163275,463,1s
2026-03-11T04:36:09.241Z,CS.D.GBPUSD.MINI.IP,1.34509,1.34518,1.345135,834,1s
2026-03-11T04:36:11.915Z,CS.D.EURUSD.MINI.IP,1.16323,1.16332,1.163275,1023,1s
2026-03-11T04:36:12.257Z,CS.D.GBPUSD.MINI.IP,1.34509,1.34518,1.345135,943,1s
2026-03-11T04:36:14.892Z,CS.D.EURUSD.MINI.IP,1.16322,1.16331,1.163265,1087,1s
2026-03-11T04:36:15.327Z,CS.D.GBPUSD.MINI.IP,1.34509,1.34518,1.345135,642,1s
2026-03-11T04:36:18.623Z,CS.D.EURUSD.MINI.IP,1.16322,1.16331,1.163265,679,1s
2026-03-11T04:36:19.434Z,CS.D.GBPUSD.MINI.IP,1.34508,1.34517,1.345125,852,1s
2026-03-11T04:36:21.352Z,CS.D.EURUSD.MINI.IP,1.16322,1.16331,1.163265,366,1s
2026-03-11T04:36:22.299Z,CS.D.GBPUSD.MINI.IP,1.34508,1.34517,1.345125,613,1s
2026-03-11T04:36:24.605Z,CS.D.EURUSD.MINI.IP,1.16322,1.16331,1.163265,289,1s
2026-03-11T04:36:25.432Z,CS.D.GBPUSD.MINI.IP,1.34507,1.34516,1.3451149999999998,677,1s
2026-03-11T04:36:28.089Z,CS.D.EURUSD.MINI.IP,1.16322,1.16331,1.163265,150,1s
2026-03-11T04:36:28.415Z,CS.D.GBPUSD.MINI.IP,1.34507,1.34516,1.3451149999999998,969,1s
2026-03-11T04:36:29.921Z,CS.D.EURUSD.MINI.IP,1.16322,1.16331,1.163265,486,1s
2026-03-11T04:36:30.262Z,CS.D.GBPUSD.MINI.IP,1.34507,1.34516,1.3451149999999998,570,1s
2026-03-11T04:36:33.250Z,CS.D.EURUSD.MINI.IP,1.16321,1.1633,1.163255,135,1s
2026-03-11T04:36:54.005Z,CS.D.EURUSD.MINI.IP,1.16326,1.16335,1.163305,732,1s
2026-03-11T04:36:54.359Z,CS.D.GBPUSD.MINI.IP,1.34516,1.34525,1.345205,929,1s
2026-03-11T04:36:57.019Z,CS.D.EURUSD.MINI.IP,1.16325,1.16334,1.163295,446,1s
2026-03-11T04:36:57.344Z,CS.D.GBPUSD.MINI.IP,1.34516,1.34525,1.345205,1090,1s
2026-03-11T04:36:59.981Z,CS.D.EURUSD.MINI.IP,1.16325,1.16334,1.163295,561,1s
2026-03-11T04:37:00.303Z,CS.D.GBPUSD.MINI.IP,1.34516,1.34525,1.345205,229,1s
2026-03-11T04:37:03.017Z,CS.D.EURUSD.MINI.IP,1.16325,1.16334,1.163295,676,1s
2026-03-11T04:37:03.348Z,CS.D.GBPUSD.MINI.IP,1.34516,1.34525,1.345205,326,1s
2026-03-11T04:37:06.010Z,CS.D.EURUSD.MINI.IP,1.16323,1.16332,1.163275,250,1s
2026-03-11T04:37:06.346Z,CS.D.GBPUSD.MINI.IP,1.34509,1.34518,1.345135,450,1s
2026-03-11T04:37:09.085Z,CS.D.EURUSD.MINI.IP,1.16322,1.16331,1.163265,946,1s
2026-03-11T04:37:09.432Z,CS.D.GBPUSD.MINI.IP,1.34513,1.34522,1.345175,1095,1s
2026-03-11T04:37:12.037Z,CS.D.EURUSD.MINI.IP,1.16323,1.16332,1.163275,308,1s
2026-03-11T04:37:12.398Z,CS.D.GBPUSD.MINI.IP,1.34507,1.34516,1.3451149999999998,620,1s
2026-03-11T04:37:15.068Z,CS.D.EURUSD.MINI.IP,1.16322,1.16331,1.163265,630,1s
2026-03-11T04:37:15.395Z,CS.D.GBPUSD.MINI.IP,1.34506,1.34515,1.345105,445,1s
2026-03-11T04:37:18.062Z,CS.D.EURUSD.MINI.IP,1.16323,1.16332,1.163275,841,1s
2026-03-11T04:37:18.396Z,CS.D.GBPUSD.MINI.IP,1.34506,1.34515,1.345105,854,1s
2026-03-11T04:37:21.090Z,CS.D.EURUSD.MINI.IP,1.16323,1.16332,1.163275,399,1s
2026-03-11T04:37:21.480Z,CS.D.GBPUSD.MINI.IP,1.34501,1.3451,1.345055,277,1s
2026-03-11T04:37:24.088Z,CS.D.EURUSD.MINI.IP,1.16323,1.16332,1.163275,220,1s
2026-03-11T04:37:24.470Z,CS.D.GBPUSD.MINI.IP,1.34501,1.3451,1.345055,866,1s
2026-03-11T04:37:27.092Z,CS.D.EURUSD.MINI.IP,1.16323,1.16332,1.163275,246,1s
2026-03-11T04:37:27.420Z,CS.D.GBPUSD.MINI.IP,1.34501,1.3451,1.345055,911,1s
2026-03-11T04:37:30.137Z,CS.D.EURUSD.MINI.IP,1.16323,1.16332,1.163275,919,1s
2026-03-11T04:37:30.474Z,CS.D.GBPUSD.MINI.IP,1.34505,1.34514,1.3450950000000002,839,1s
2026-03-11T04:37:33.104Z,CS.D.EURUSD.MINI.IP,1.16323,1.16332,1.163275,877,1s
2026-03-11T04:37:33.452Z,CS.D.GBPUSD.MINI.IP,1.34505,1.34514,1.3450950000000002,871,1s
2026-03-11T04:37:54.550Z,CS.D.EURUSD.MINI.IP,1.16312,1.16321,1.163165,687,1s
2026-03-11T04:37:54.913Z,CS.D.GBPUSD.MINI.IP,1.34501,1.3451,1.345055,108,1s
2026-03-11T04:37:57.250Z,CS.D.EURUSD.MINI.IP,1.1631,1.16319,1.163145,804,1s
2026-03-11T04:37:57.596Z,CS.D.GBPUSD.MINI.IP,1.34498,1.34507,1.3450250000000001,807,1s
2026-03-11T04:38:00.172Z,CS.D.EURUSD.MINI.IP,1.1631,1.16319,1.163145,366,1s
2026-03-11T04:38:00.504Z,CS.D.GBPUSD.MINI.IP,1.34498,1.34507,1.3450250000000001,349,1s
2026-03-11T04:38:03.189Z,CS.D.EURUSD.MINI.IP,1.16308,1.16317,1.163125,862,1s
2026-03-11T04:38:03.545Z,CS.D.GBPUSD.MINI.IP,1.34497,1.34506,1.345015,1057,1s
2026-03-11T04:38:06.193Z,CS.D.EURUSD.MINI.IP,1.16308,1.16317,1.163125,380,1s
2026-03-11T04:38:06.533Z,CS.D.GBPUSD.MINI.IP,1.34497,1.34506,1.345015,274,1s
2026-03-11T04:38:09.202Z,CS.D.EURUSD.MINI.IP,1.16308,1.16317,1.163125,115,1s
2026-03-11T04:38:09.549Z,CS.D.GBPUSD.MINI.IP,1.34497,1.34506,1.345015,1058,1s
2026-03-11T04:38:12.296Z,CS.D.EURUSD.MINI.IP,1.16309,1.16318,1.163135,306,1s
2026-03-11T04:38:12.609Z,CS.D.GBPUSD.MINI.IP,1.34497,1.34506,1.345015,1096,1s
2026-03-11T04:38:15.211Z,CS.D.EURUSD.MINI.IP,1.1631,1.16319,1.163145,954,1s
2026-03-11T04:38:15.547Z,CS.D.GBPUSD.MINI.IP,1.34498,1.34507,1.3450250000000001,1091,1s
2026-03-11T04:38:18.224Z,CS.D.EURUSD.MINI.IP,1.16311,1.1632,1.1631550000000002,360,1s
2026-03-11T04:38:18.609Z,CS.D.GBPUSD.MINI.IP,1.34504,1.34513,1.345085,275,1s
2026-03-11T04:38:21.238Z,CS.D.EURUSD.MINI.IP,1.16312,1.16321,1.163165,850,1s
2026-03-11T04:38:21.569Z,CS.D.GBPUSD.MINI.IP,1.34503,1.34512,1.345075,533,1s
2026-03-11T04:38:24.255Z,CS.D.EURUSD.MINI.IP,1.16312,1.16321,1.163165,703,1s
2026-03-11T04:38:24.586Z,CS.D.GBPUSD.MINI.IP,1.34503,1.34512,1.345075,496,1s
2026-03-11T04:38:27.252Z,CS.D.EURUSD.MINI.IP,1.16316,1.16325,1.163205,577,1s
2026-03-11T04:38:27.574Z,CS.D.GBPUSD.MINI.IP,1.34505,1.34514,1.3450950000000002,989,1s
2026-03-11T04:38:30.265Z,CS.D.EURUSD.MINI.IP,1.16316,1.16325,1.163205,527,1s
2026-03-11T04:38:30.608Z,CS.D.GBPUSD.MINI.IP,1.34505,1.34514,1.3450950000000002,439,1s
2026-03-11T04:38:54.796Z,CS.D.GBPUSD.MINI.IP,1.34501,1.3451,1.345055,933,1s
2026-03-11T04:38:57.356Z,CS.D.EURUSD.MINI.IP,1.16313,1.16322,1.1631749999999998,396,1s
2026-03-11T04:38:57.718Z,CS.D.GBPUSD.MINI.IP,1.34501,1.3451,1.345055,633,1s
2026-03-11T04:39:00.404Z,CS.D.EURUSD.MINI.IP,1.16313,1.16322,1.1631749999999998,737,1s
2026-03-11T04:39:00.740Z,CS.D.GBPUSD.MINI.IP,1.34501,1.3451,1.345055,121,1s
2026-03-11T04:39:03.384Z,CS.D.EURUSD.MINI.IP,1.16313,1.16322,1.1631749999999998,288,1s
2026-03-11T04:39:03.729Z,CS.D.GBPUSD.MINI.IP,1.34501,1.3451,1.345055,631,1s
2026-03-11T04:39:06.407Z,CS.D.EURUSD.MINI.IP,1.16313,1.16322,1.1631749999999998,422,1s
2026-03-11T04:39:06.761Z,CS.D.GBPUSD.MINI.IP,1.34501,1.3451,1.345055,702,1s
2026-03-11T04:39:09.770Z,CS.D.EURUSD.MINI.IP,1.16313,1.16322,1.1631749999999998,745,1s
2026-03-11T04:39:10.328Z,CS.D.GBPUSD.MINI.IP,1.34502,1.34511,1.345065,231,1s
2026-03-11T04:39:12.440Z,CS.D.EURUSD.MINI.IP,1.1631,1.16319,1.163145,499,1s
2026-03-11T04:39:12.784Z,CS.D.GBPUSD.MINI.IP,1.345,1.34509,1.3450449999999998,139,1s
2026-03-11T04:39:15.506Z,CS.D.EURUSD.MINI.IP,1.16311,1.1632,1.1631550000000002,647,1s
2026-03-11T04:39:15.857Z,CS.D.GBPUSD.MINI.IP,1.34501,1.3451,1.345055,629,1s
2026-03-11T04:39:18.440Z,CS.D.EURUSD.MINI.IP,1.16311,1.1632,1.1631550000000002,1074,1s
2026-03-11T04:39:18.763Z,CS.D.GBPUSD.MINI.IP,1.34501,1.3451,1.345055,709,1s
2026-03-11T04:39:21.449Z,CS.D.EURUSD.MINI.IP,1.16311,1.1632,1.1631550000000002,702,1s
2026-03-11T04:39:21.765Z,CS.D.GBPUSD.MINI.IP,1.34501,1.3451,1.345055,524,1s
2026-03-11T04:39:24.458Z,CS.D.EURUSD.MINI.IP,1.16311,1.1632,1.1631550000000002,489,1s
2026-03-11T04:39:24.792Z,CS.D.GBPUSD.MINI.IP,1.34501,1.3451,1.345055,402,1s
2026-03-11T04:39:27.491Z,CS.D.EURUSD.MINI.IP,1.16311,1.1632,1.1631550000000002,282,1s
2026-03-11T04:39:27.824Z,CS.D.GBPUSD.MINI.IP,1.34502,1.34511,1.345065,978,1s
2026-03-11T04:39:30.498Z,CS.D.EURUSD.MINI.IP,1.16311,1.1632,1.1631550000000002,495,1s
2026-03-11T04:39:30.874Z,CS.D.GBPUSD.MINI.IP,1.34501,1.3451,1.345055,542,1s
2026-03-11T04:39:33.475Z,CS.D.EURUSD.MINI.IP,1.16312,1.16321,1.163165,726,1s
2026-03-11T04:39:33.804Z,CS.D.GBPUSD.MINI.IP,1.34501,1.3451,1.345055,576,1s
2026-03-11T04:39:54.871Z,CS.D.GBPUSD.MINI.IP,1.34499,1.34508,1.345035,392,1s
2026-03-11T04:39:57.580Z,CS.D.EURUSD.MINI.IP,1.16309,1.16318,1.163135,803,1s
2026-03-11T04:39:57.908Z,CS.D.GBPUSD.MINI.IP,1.34499,1.34508,1.345035,985,1s
2026-03-11T04:40:00.628Z,CS.D.EURUSD.MINI.IP,1.16309,1.16318,1.163135,103,1s
2026-03-11T04:40:00.963Z,CS.D.GBPUSD.MINI.IP,1.345,1.34509,1.3450449999999998,591,1s
2026-03-11T04:40:03.604Z,CS.D.EURUSD.MINI.IP,1.16311,1.1632,1.1631550000000002,1052,1s
2026-03-11T04:40:03.925Z,CS.D.GBPUSD.MINI.IP,1.34501,1.3451,1.345055,737,1s
2026-03-11T04:40:06.618Z,CS.D.EURUSD.MINI.IP,1.16311,1.1632,1.1631550000000002,357,1s
2026-03-11T04:40:06.944Z,CS.D.GBPUSD.MINI.IP,1.34501,1.3451,1.345055,185,1s
2026-03-11T04:40:09.599Z,CS.D.EURUSD.MINI.IP,1.16316,1.16325,1.163205,135,1s
2026-03-11T04:40:09.958Z,CS.D.GBPUSD.MINI.IP,1.34507,1.34516,1.3451149999999998,829,1s
2026-03-11T04:40:12.629Z,CS.D.EURUSD.MINI.IP,1.16316,1.16325,1.163205,929,1s
2026-03-11T04:40:12.953Z,CS.D.GBPUSD.MINI.IP,1.34506,1.34515,1.345105,657,1s
2026-03-11T04:40:15.631Z,CS.D.EURUSD.MINI.IP,1.16317,1.16326,1.163215,524,1s
2026-03-11T04:40:16.050Z,CS.D.GBPUSD.MINI.IP,1.34506,1.34515,1.345105,274,1s
2026-03-11T04:40:18.642Z,CS.D.EURUSD.MINI.IP,1.16317,1.16326,1.163215,352,1s
2026-03-11T04:40:18.975Z,CS.D.GBPUSD.MINI.IP,1.34509,1.34518,1.345135,822,1s
2026-03-11T04:40:21.739Z,CS.D.EURUSD.MINI.IP,1.16318,1.16327,1.1632250000000002,360,1s
2026-03-11T04:40:22.131Z,CS.D.GBPUSD.MINI.IP,1.34509,1.34518,1.345135,929,1s
2026-03-11T04:40:24.666Z,CS.D.EURUSD.MINI.IP,1.16318,1.16327,1.1632250000000002,603,1s
2026-03-11T04:40:24.988Z,CS.D.GBPUSD.MINI.IP,1.34509,1.34518,1.345135,259,1s
2026-03-11T04:40:27.667Z,CS.D.EURUSD.MINI.IP,1.16317,1.16326,1.163215,1068,1s
2026-03-11T04:40:27.992Z,CS.D.GBPUSD.MINI.IP,1.34509,1.34518,1.345135,1067,1s
2026-03-11T04:40:30.685Z,CS.D.EURUSD.MINI.IP,1.16317,1.16326,1.163215,725,1s
2026-03-11T04:40:31.060Z,CS.D.GBPUSD.MINI.IP,1.34509,1.34518,1.345135,1068,1s
2026-03-11T04:40:33.694Z,CS.D.EURUSD.MINI.IP,1.16317,1.16326,1.163215,970,1s
2026-03-11T04:40:34.047Z,CS.D.GBPUSD.MINI.IP,1.34509,1.34518,1.345135,734,1s
2026-03-11T04:40:55.103Z,CS.D.GBPUSD.MINI.IP,1.3451,1.34519,1.345145,864,1s
2026-03-11T04:40:57.802Z,CS.D.EURUSD.MINI.IP,1.16317,1.16326,1.163215,699,1s
2026-03-11T04:40:58.132Z,CS.D.GBPUSD.MINI.IP,1.3451,1.34519,1.345145,335,1s
2026-03-11T04:41:00.822Z,CS.D.EURUSD.MINI.IP,1.16317,1.16326,1.163215,992,1s
2026-03-11T04:41:01.148Z,CS.D.GBPUSD.MINI.IP,1.3451,1.34519,1.345145,896,1s
2026-03-11T04:41:03.786Z,CS.D.EURUSD.MINI.IP,1.16317,1.16326,1.163215,716,1s
2026-03-11T04:41:04.151Z,CS.D.GBPUSD.MINI.IP,1.34511,1.3452,1.345155,610,1s
2026-03-11T04:41:06.815Z,CS.D.EURUSD.MINI.IP,1.16317,1.16326,1.163215,115,1s
2026-03-11T04:41:07.683Z,CS.D.GBPUSD.MINI.IP,1.34511,1.3452,1.345155,290,1s
2026-03-11T04:41:09.809Z,CS.D.EURUSD.MINI.IP,1.16317,1.16326,1.163215,1040,1s
2026-03-11T04:41:10.201Z,CS.D.GBPUSD.MINI.IP,1.34511,1.3452,1.345155,714,1s
2026-03-11T04:41:12.834Z,CS.D.EURUSD.MINI.IP,1.16317,1.16326,1.163215,232,1s
2026-03-11T04:41:13.169Z,CS.D.GBPUSD.MINI.IP,1.34511,1.3452,1.345155,906,1s
2026-03-11T04:41:15.846Z,CS.D.EURUSD.MINI.IP,1.16317,1.16326,1.163215,896,1s
2026-03-11T04:41:16.200Z,CS.D.GBPUSD.MINI.IP,1.34511,1.3452,1.345155,657,1s
2026-03-11T04:41:18.938Z,CS.D.EURUSD.MINI.IP,1.16317,1.16326,1.163215,306,1s
2026-03-11T04:41:19.275Z,CS.D.GBPUSD.MINI.IP,1.34511,1.3452,1.345155,396,1s
2026-03-11T04:41:21.849Z,CS.D.EURUSD.MINI.IP,1.16317,1.16326,1.163215,445,1s
2026-03-11T04:41:22.200Z,CS.D.GBPUSD.MINI.IP,1.34511,1.3452,1.345155,794,1s
2026-03-11T04:41:24.858Z,CS.D.EURUSD.MINI.IP,1.16316,1.16325,1.163205,101,1s
2026-03-11T04:41:25.297Z,CS.D.GBPUSD.MINI.IP,1.3451,1.34519,1.345145,889,1s
2026-03-11T04:41:27.882Z,CS.D.EURUSD.MINI.IP,1.16316,1.16325,1.163205,783,1s
2026-03-11T04:41:28.215Z,CS.D.GBPUSD.MINI.IP,1.34511,1.3452,1.345155,206,1s
2026-03-11T04:41:30.902Z,CS.D.EURUSD.MINI.IP,1.16316,1.16325,1.163205,578,1s
2026-03-11T04:41:31.232Z,CS.D.GBPUSD.MINI.IP,1.34508,1.34517,1.345125,967,1s
2026-03-11T04:41:34.040Z,CS.D.EURUSD.MINI.IP,1.16316,1.16325,1.163205,312,1s
2026-03-11T04:41:34.367Z,CS.D.GBPUSD.MINI.IP,1.34508,1.34517,1.345125,133,1s
2026-03-11T04:41:37.008Z,CS.D.EURUSD.MINI.IP,1.16316,1.16325,1.163205,394,1s
2026-03-11T04:41:58.488Z,CS.D.EURUSD.MINI.IP,1.16318,1.16327,1.1632250000000002,207,1s
2026-03-11T04:41:58.840Z,CS.D.GBPUSD.MINI.IP,1.3451,1.34519,1.345145,707,1s
2026-03-11T04:42:01.015Z,CS.D.EURUSD.MINI.IP,1.16318,1.16327,1.1632250000000002,149,1s
2026-03-11T04:42:01.347Z,CS.D.GBPUSD.MINI.IP,1.3451,1.34519,1.345145,837,1s
2026-03-11T04:42:04.061Z,CS.D.EURUSD.MINI.IP,1.16318,1.16327,1.1632250000000002,168,1s
2026-03-11T04:42:04.449Z,CS.D.GBPUSD.MINI.IP,1.34511,1.3452,1.345155,525,1s
2026-03-11T04:42:06.995Z,CS.D.EURUSD.MINI.IP,1.16318,1.16327,1.1632250000000002,665,1s
2026-03-11T04:42:07.329Z,CS.D.GBPUSD.MINI.IP,1.34511,1.3452,1.345155,508,1s
2026-03-11T04:42:10.087Z,CS.D.EURUSD.MINI.IP,1.16318,1.16327,1.1632250000000002,107,1s
2026-03-11T04:42:10.404Z,CS.D.GBPUSD.MINI.IP,1.34511,1.3452,1.345155,753,1s
2026-03-11T04:42:13.016Z,CS.D.EURUSD.MINI.IP,1.16319,1.16328,1.163235,700,1s
2026-03-11T04:42:13.339Z,CS.D.GBPUSD.MINI.IP,1.34512,1.34521,1.3451650000000002,973,1s
2026-03-11T04:42:16.202Z,CS.D.EURUSD.MINI.IP,1.16317,1.16326,1.163215,506,1s
2026-03-11T04:42:16.549Z,CS.D.GBPUSD.MINI.IP,1.34511,1.3452,1.345155,516,1s
2026-03-11T04:42:19.108Z,CS.D.EURUSD.MINI.IP,1.16317,1.16326,1.163215,653,1s
2026-03-11T04:42:19.445Z,CS.D.GBPUSD.MINI.IP,1.34511,1.3452,1.345155,689,1s
2026-03-11T04:42:22.126Z,CS.D.EURUSD.MINI.IP,1.16317,1.16326,1.163215,378,1s
2026-03-11T04:42:22.460Z,CS.D.GBPUSD.MINI.IP,1.3451,1.34519,1.345145,502,1s
2026-03-11T04:42:25.046Z,CS.D.EURUSD.MINI.IP,1.16317,1.16326,1.163215,642,1s
2026-03-11T04:42:25.379Z,CS.D.GBPUSD.MINI.IP,1.34511,1.3452,1.345155,375,1s
2026-03-11T04:42:28.166Z,CS.D.EURUSD.MINI.IP,1.16318,1.16327,1.1632250000000002,129,1s
2026-03-11T04:42:28.499Z,CS.D.GBPUSD.MINI.IP,1.34512,1.34521,1.3451650000000002,509,1s
2026-03-11T04:42:31.062Z,CS.D.EURUSD.MINI.IP,1.16319,1.16328,1.163235,661,1s
2026-03-11T04:42:31.389Z,CS.D.GBPUSD.MINI.IP,1.34512,1.34521,1.3451650000000002,725,1s
2026-03-11T04:42:34.192Z,CS.D.EURUSD.MINI.IP,1.16319,1.16328,1.163235,931,1s
2026-03-11T04:42:34.521Z,CS.D.GBPUSD.MINI.IP,1.3451,1.34519,1.345145,232,1s
2026-03-11T04:42:58.608Z,CS.D.GBPUSD.MINI.IP,1.34508,1.34517,1.345125,973,1s
2026-03-11T04:43:01.162Z,CS.D.EURUSD.MINI.IP,1.1632,1.16329,1.1632449999999999,564,1s
2026-03-11T04:43:01.493Z,CS.D.GBPUSD.MINI.IP,1.34508,1.34517,1.345125,260,1s
2026-03-11T04:43:04.314Z,CS.D.EURUSD.MINI.IP,1.16323,1.16332,1.163275,174,1s
2026-03-11T04:43:04.662Z,CS.D.GBPUSD.MINI.IP,1.34508,1.34517,1.345125,234,1s
2026-03-11T04:43:07.179Z,CS.D.EURUSD.MINI.IP,1.16325,1.16334,1.163295,519,1s
2026-03-11T04:43:07.516Z,CS.D.GBPUSD.MINI.IP,1.34508,1.34517,1.345125,1027,1s
2026-03-11T04:43:10.281Z,CS.D.EURUSD.MINI.IP,1.16323,1.16332,1.163275,794,1s
2026-03-11T04:43:10.636Z,CS.D.GBPUSD.MINI.IP,1.34508,1.34517,1.345125,914,1s
2026-03-11T04:43:13.198Z,CS.D.EURUSD.MINI.IP,1.16323,1.16332,1.163275,555,1s
2026-03-11T04:43:13.540Z,CS.D.GBPUSD.MINI.IP,1.34508,1.34517,1.345125,132,1s
2026-03-11T04:43:16.315Z,CS.D.EURUSD.MINI.IP,1.16323,1.16332,1.163275,139,1s
2026-03-11T04:43:16.658Z,CS.D.GBPUSD.MINI.IP,1.34508,1.34517,1.345125,711,1s
2026-03-11T04:43:19.198Z,CS.D.EURUSD.MINI.IP,1.16323,1.16332,1.163275,1071,1s
2026-03-11T04:43:19.530Z,CS.D.GBPUSD.MINI.IP,1.34507,1.34516,1.3451149999999998,857,1s
2026-03-11T04:43:22.297Z,CS.D.EURUSD.MINI.IP,1.16322,1.16331,1.163265,986,1s
2026-03-11T04:43:22.624Z,CS.D.GBPUSD.MINI.IP,1.34507,1.34516,1.3451149999999998,972,1s
2026-03-11T04:43:25.226Z,CS.D.EURUSD.MINI.IP,1.16322,1.16331,1.163265,634,1s
2026-03-11T04:43:25.547Z,CS.D.GBPUSD.MINI.IP,1.34515,1.34524,1.345195,988,1s
2026-03-11T04:43:28.344Z,CS.D.EURUSD.MINI.IP,1.16324,1.16333,1.1632850000000001,415,1s
2026-03-11T04:43:28.675Z,CS.D.GBPUSD.MINI.IP,1.34509,1.34518,1.345135,801,1s
2026-03-11T04:43:31.246Z,CS.D.EURUSD.MINI.IP,1.16323,1.16332,1.163275,637,1s
2026-03-11T04:43:31.576Z,CS.D.GBPUSD.MINI.IP,1.34508,1.34517,1.345125,882,1s
2026-03-11T04:43:34.445Z,CS.D.EURUSD.MINI.IP,1.16323,1.16332,1.163275,440,1s
2026-03-11T04:43:34.858Z,CS.D.GBPUSD.MINI.IP,1.34508,1.34517,1.345125,546,1s
2026-03-11T04:43:37.288Z,CS.D.EURUSD.MINI.IP,1.16321,1.1633,1.163255,178,1s
2026-03-11T04:43:37.628Z,CS.D.GBPUSD.MINI.IP,1.34507,1.34516,1.3451149999999998,243,1s
2026-03-11T04:43:58.934Z,CS.D.GBPUSD.MINI.IP,1.34507,1.34516,1.3451149999999998,161,1s
2026-03-11T04:44:01.381Z,CS.D.EURUSD.MINI.IP,1.16321,1.1633,1.163255,669,1s
2026-03-11T04:44:01.713Z,CS.D.GBPUSD.MINI.IP,1.34507,1.34516,1.3451149999999998,314,1s
2026-03-11T04:44:04.486Z,CS.D.EURUSD.MINI.IP,1.16321,1.1633,1.163255,287,1s
2026-03-11T04:44:04.818Z,CS.D.GBPUSD.MINI.IP,1.34507,1.34516,1.3451149999999998,676,1s
2026-03-11T04:44:07.385Z,CS.D.EURUSD.MINI.IP,1.16321,1.1633,1.163255,769,1s
2026-03-11T04:44:07.713Z,CS.D.GBPUSD.MINI.IP,1.34507,1.34516,1.3451149999999998,334,1s
2026-03-11T04:44:10.539Z,CS.D.EURUSD.MINI.IP,1.16321,1.1633,1.163255,634,1s
2026-03-11T04:44:10.879Z,CS.D.GBPUSD.MINI.IP,1.34507,1.34516,1.3451149999999998,569,1s
2026-03-11T04:44:13.414Z,CS.D.EURUSD.MINI.IP,1.16318,1.16327,1.1632250000000002,522,1s
2026-03-11T04:44:13.741Z,CS.D.GBPUSD.MINI.IP,1.34501,1.3451,1.345055,633,1s
2026-03-11T04:44:16.576Z,CS.D.EURUSD.MINI.IP,1.16317,1.16326,1.163215,781,1s
2026-03-11T04:44:16.909Z,CS.D.GBPUSD.MINI.IP,1.34502,1.34511,1.345065,744,1s
2026-03-11T04:44:19.443Z,CS.D.EURUSD.MINI.IP,1.16317,1.16326,1.163215,397,1s
2026-03-11T04:44:19.788Z,CS.D.GBPUSD.MINI.IP,1.34502,1.34511,1.345065,971,1s
2026-03-11T04:44:22.452Z,CS.D.EURUSD.MINI.IP,1.16317,1.16326,1.163215,746,1s
2026-03-11T04:44:22.786Z,CS.D.GBPUSD.MINI.IP,1.34502,1.34511,1.345065,107,1s
2026-03-11T04:44:25.465Z,CS.D.EURUSD.MINI.IP,1.16317,1.16326,1.163215,787,1s
2026-03-11T04:44:25.775Z,CS.D.GBPUSD.MINI.IP,1.34506,1.34515,1.345105,527,1s
2026-03-11T04:44:28.712Z,CS.D.EURUSD.MINI.IP,1.16317,1.16326,1.163215,572,1s
2026-03-11T04:44:29.141Z,CS.D.GBPUSD.MINI.IP,1.34505,1.34514,1.3450950000000002,305,1s
2026-03-11T04:44:31.481Z,CS.D.EURUSD.MINI.IP,1.16317,1.16326,1.163215,228,1s
2026-03-11T04:44:31.840Z,CS.D.GBPUSD.MINI.IP,1.34502,1.34511,1.345065,582,1s
2026-03-11T04:44:34.600Z,CS.D.EURUSD.MINI.IP,1.16317,1.16326,1.163215,617,1s
2026-03-11T04:44:34.938Z,CS.D.GBPUSD.MINI.IP,1.34501,1.3451,1.345055,114,1s
2026-03-11T04:44:37.488Z,CS.D.EURUSD.MINI.IP,1.16317,1.16326,1.163215,954,1s
2026-03-11T04:44:37.819Z,CS.D.GBPUSD.MINI.IP,1.34501,1.3451,1.345055,1017,1s
2026-03-11T04:44:59.102Z,CS.D.GBPUSD.MINI.IP,1.34506,1.34515,1.345105,645,1s
2026-03-11T04:45:01.608Z,CS.D.EURUSD.MINI.IP,1.16323,1.16332,1.163275,552,1s
2026-03-11T04:45:01.943Z,CS.D.GBPUSD.MINI.IP,1.34507,1.34516,1.3451149999999998,218,1s
2026-03-11T04:45:04.653Z,CS.D.EURUSD.MINI.IP,1.16323,1.16332,1.163275,840,1s
2026-03-11T04:45:05.518Z,CS.D.GBPUSD.MINI.IP,1.34507,1.34516,1.3451149999999998,238,1s
2026-03-11T04:45:07.638Z,CS.D.EURUSD.MINI.IP,1.16323,1.16332,1.163275,586,1s
2026-03-11T04:45:07.994Z,CS.D.GBPUSD.MINI.IP,1.34507,1.34516,1.3451149999999998,392,1s
2026-03-11T04:45:10.675Z,CS.D.EURUSD.MINI.IP,1.16323,1.16332,1.163275,728,1s
2026-03-11T04:45:11.082Z,CS.D.GBPUSD.MINI.IP,1.34507,1.34516,1.3451149999999998,739,1s
2026-03-11T04:45:13.624Z,CS.D.EURUSD.MINI.IP,1.16323,1.16332,1.163275,790,1s
2026-03-11T04:45:13.954Z,CS.D.GBPUSD.MINI.IP,1.34507,1.34516,1.3451149999999998,805,1s
2026-03-11T04:45:16.637Z,CS.D.EURUSD.MINI.IP,1.16323,1.16332,1.163275,1033,1s
2026-03-11T04:45:16.967Z,CS.D.GBPUSD.MINI.IP,1.34507,1.34516,1.3451149999999998,1087,1s
2026-03-11T04:45:19.659Z,CS.D.EURUSD.MINI.IP,1.16321,1.1633,1.163255,263,1s
2026-03-11T04:45:20.000Z,CS.D.GBPUSD.MINI.IP,1.34506,1.34515,1.345105,1084,1s
2026-03-11T04:45:22.825Z,CS.D.EURUSD.MINI.IP,1.16321,1.1633,1.163255,132,1s
2026-03-11T04:45:23.145Z,CS.D.GBPUSD.MINI.IP,1.34506,1.34515,1.345105,204,1s
2026-03-11T04:45:25.726Z,CS.D.EURUSD.MINI.IP,1.16321,1.1633,1.163255,108,1s
2026-03-11T04:45:26.053Z,CS.D.GBPUSD.MINI.IP,1.34506,1.34515,1.345105,738,1s
2026-03-11T04:45:29.488Z,CS.D.EURUSD.MINI.IP,1.16321,1.1633,1.163255,978,1s
2026-03-11T04:45:29.845Z,CS.D.GBPUSD.MINI.IP,1.34506,1.34515,1.345105,994,1s
2026-03-11T04:45:31.780Z,CS.D.EURUSD.MINI.IP,1.16321,1.1633,1.163255,961,1s
2026-03-11T04:45:32.240Z,CS.D.GBPUSD.MINI.IP,1.34506,1.34515,1.345105,403,1s
2026-03-11T04:45:34.701Z,CS.D.EURUSD.MINI.IP,1.1632,1.16329,1.1632449999999999,724,1s
2026-03-11T04:45:35.049Z,CS.D.GBPUSD.MINI.IP,1.34506,1.34515,1.345105,287,1s
2026-03-11T04:45:37.732Z,CS.D.EURUSD.MINI.IP,1.16321,1.1633,1.163255,1085,1s
2026-03-11T04:45:38.121Z,CS.D.GBPUSD.MINI.IP,1.34506,1.34515,1.345105,458,1s
2026-03-11T04:45:40.802Z,CS.D.EURUSD.MINI.IP,1.16321,1.1633,1.163255,336,1s
2026-03-11T04:46:02.288Z,CS.D.EURUSD.MINI.IP,1.16316,1.16325,1.163205,359,1s
2026-03-11T04:46:02.621Z,CS.D.GBPUSD.MINI.IP,1.34506,1.34515,1.345105,878,1s
2026-03-11T04:46:04.910Z,CS.D.EURUSD.MINI.IP,1.16317,1.16326,1.163215,551,1s
2026-03-11T04:46:05.261Z,CS.D.GBPUSD.MINI.IP,1.34507,1.34516,1.3451149999999998,850,1s
2026-03-11T04:46:07.829Z,CS.D.EURUSD.MINI.IP,1.16319,1.16328,1.163235,861,1s
2026-03-11T04:46:08.201Z,CS.D.GBPUSD.MINI.IP,1.34507,1.34516,1.3451149999999998,576,1s
2026-03-11T04:46:11.085Z,CS.D.EURUSD.MINI.IP,1.16321,1.1633,1.163255,947,1s
2026-03-11T04:46:11.489Z,CS.D.GBPUSD.MINI.IP,1.3451,1.34525,1.345175,333,1s
2026-03-11T04:46:13.980Z,CS.D.EURUSD.MINI.IP,1.16322,1.16331,1.163265,880,1s
2026-03-11T04:46:14.361Z,CS.D.GBPUSD.MINI.IP,1.34515,1.3453,1.3452250000000001,950,1s
2026-03-11T04:46:16.854Z,CS.D.EURUSD.MINI.IP,1.16322,1.16331,1.163265,1027,1s
2026-03-11T04:46:17.262Z,CS.D.GBPUSD.MINI.IP,1.34519,1.34534,1.345265,868,1s
2026-03-11T04:46:19.869Z,CS.D.EURUSD.MINI.IP,1.16322,1.16331,1.163265,928,1s
2026-03-11T04:46:20.199Z,CS.D.GBPUSD.MINI.IP,1.34519,1.34534,1.345265,843,1s
2026-03-11T04:46:22.874Z,CS.D.EURUSD.MINI.IP,1.16323,1.16332,1.163275,153,1s
2026-03-11T04:46:23.207Z,CS.D.GBPUSD.MINI.IP,1.34519,1.34534,1.345265,571,1s
2026-03-11T04:46:25.875Z,CS.D.EURUSD.MINI.IP,1.16326,1.16335,1.163305,816,1s
2026-03-11T04:46:26.200Z,CS.D.GBPUSD.MINI.IP,1.3452,1.34535,1.345275,500,1s
2026-03-11T04:46:28.892Z,CS.D.EURUSD.MINI.IP,1.16326,1.16335,1.163305,413,1s
2026-03-11T04:46:29.213Z,CS.D.GBPUSD.MINI.IP,1.34521,1.34536,1.345285,1052,1s
2026-03-11T04:46:31.901Z,CS.D.EURUSD.MINI.IP,1.16328,1.16337,1.163325,324,1s
2026-03-11T04:46:32.249Z,CS.D.GBPUSD.MINI.IP,1.3452,1.34535,1.345275,1014,1s
2026-03-11T04:46:34.892Z,CS.D.EURUSD.MINI.IP,1.16328,1.16337,1.163325,118,1s
2026-03-11T04:46:35.372Z,CS.D.GBPUSD.MINI.IP,1.34521,1.34536,1.345285,415,1s
2026-03-11T04:46:37.924Z,CS.D.EURUSD.MINI.IP,1.16328,1.16337,1.163325,983,1s
2026-03-11T04:46:38.245Z,CS.D.GBPUSD.MINI.IP,1.3452,1.34535,1.345275,308,1s
2026-03-11T04:47:02.318Z,CS.D.GBPUSD.MINI.IP,1.3452,1.34535,1.345275,1081,1s
2026-03-11T04:47:04.969Z,CS.D.EURUSD.MINI.IP,1.16332,1.16341,1.163365,739,1s
2026-03-11T04:47:05.386Z,CS.D.GBPUSD.MINI.IP,1.3452,1.34535,1.345275,205,1s
2026-03-11T04:47:07.978Z,CS.D.EURUSD.MINI.IP,1.16333,1.16342,1.1633749999999998,519,1s
2026-03-11T04:47:08.302Z,CS.D.GBPUSD.MINI.IP,1.3452,1.34535,1.345275,365,1s
2026-03-11T04:47:10.997Z,CS.D.EURUSD.MINI.IP,1.16333,1.16342,1.1633749999999998,855,1s
2026-03-11T04:47:11.326Z,CS.D.GBPUSD.MINI.IP,1.3452,1.34535,1.345275,557,1s
2026-03-11T04:47:14.008Z,CS.D.EURUSD.MINI.IP,1.16332,1.16341,1.163365,176,1s
2026-03-11T04:47:14.337Z,CS.D.GBPUSD.MINI.IP,1.3452,1.34535,1.345275,664,1s
2026-03-11T04:47:17.015Z,CS.D.EURUSD.MINI.IP,1.16332,1.16338,1.1633499999999999,891,1s
2026-03-11T04:47:17.338Z,CS.D.GBPUSD.MINI.IP,1.34519,1.34534,1.345265,868,1s
2026-03-11T04:47:20.015Z,CS.D.EURUSD.MINI.IP,1.16331,1.16337,1.16334,488,1s
2026-03-11T04:47:20.348Z,CS.D.GBPUSD.MINI.IP,1.34519,1.34534,1.345265,146,1s
2026-03-11T04:47:23.041Z,CS.D.EURUSD.MINI.IP,1.1633,1.16336,1.16333,248,1s
2026-03-11T04:47:23.384Z,CS.D.GBPUSD.MINI.IP,1.34519,1.34534,1.345265,607,1s
2026-03-11T04:47:26.034Z,CS.D.EURUSD.MINI.IP,1.1633,1.16339,1.163345,419,1s
2026-03-11T04:47:26.356Z,CS.D.GBPUSD.MINI.IP,1.34522,1.34537,1.3452950000000001,826,1s
2026-03-11T04:47:29.205Z,CS.D.EURUSD.MINI.IP,1.16332,1.16341,1.163365,874,1s
2026-03-11T04:47:29.541Z,CS.D.GBPUSD.MINI.IP,1.34532,1.34547,1.345395,451,1s
2026-03-11T04:47:32.057Z,CS.D.EURUSD.MINI.IP,1.16336,1.16342,1.16339,399,1s
2026-03-11T04:47:32.405Z,CS.D.GBPUSD.MINI.IP,1.34542,1.34557,1.345495,517,1s
2026-03-11T04:47:35.152Z,CS.D.EURUSD.MINI.IP,1.16336,1.16342,1.16339,788,1s
2026-03-11T04:47:35.504Z,CS.D.GBPUSD.MINI.IP,1.34542,1.34557,1.345495,462,1s
2026-03-11T04:47:38.085Z,CS.D.EURUSD.MINI.IP,1.16334,1.1634,1.16337,298,1s
2026-03-11T04:47:38.410Z,CS.D.GBPUSD.MINI.IP,1.34542,1.34557,1.345495,285,1s
2026-03-11T04:47:41.089Z,CS.D.EURUSD.MINI.IP,1.16331,1.1634,1.1633550000000001,457,1s
2026-03-11T04:47:41.417Z,CS.D.GBPUSD.MINI.IP,1.34541,1.34556,1.345485,895,1s
2026-03-11T04:48:02.513Z,CS.D.GBPUSD.MINI.IP,1.3454,1.34555,1.345475,124,1s
2026-03-11T04:48:05.195Z,CS.D.EURUSD.MINI.IP,1.16336,1.16345,1.163405,700,1s
2026-03-11T04:48:05.528Z,CS.D.GBPUSD.MINI.IP,1.34541,1.34556,1.345485,675,1s
2026-03-11T04:48:08.173Z,CS.D.EURUSD.MINI.IP,1.16337,1.16346,1.163415,1083,1s
2026-03-11T04:48:08.509Z,CS.D.GBPUSD.MINI.IP,1.34541,1.34556,1.345485,988,1s
2026-03-11T04:48:11.254Z,CS.D.EURUSD.MINI.IP,1.16336,1.16345,1.163405,248,1s
2026-03-11T04:48:11.589Z,CS.D.GBPUSD.MINI.IP,1.3454,1.34555,1.345475,762,1s
2026-03-11T04:48:14.201Z,CS.D.EURUSD.MINI.IP,1.16337,1.16346,1.163415,473,1s
2026-03-11T04:48:14.539Z,CS.D.GBPUSD.MINI.IP,1.34541,1.34556,1.345485,987,1s
2026-03-11T04:48:17.195Z,CS.D.EURUSD.MINI.IP,1.16331,1.1634,1.1633550000000001,207,1s
2026-03-11T04:48:17.529Z,CS.D.GBPUSD.MINI.IP,1.34533,1.34548,1.345405,1003,1s
2026-03-11T04:48:20.206Z,CS.D.EURUSD.MINI.IP,1.16331,1.1634,1.1633550000000001,278,1s
2026-03-11T04:48:20.523Z,CS.D.GBPUSD.MINI.IP,1.34532,1.34547,1.345395,649,1s
2026-03-11T04:48:23.241Z,CS.D.EURUSD.MINI.IP,1.16331,1.1634,1.1633550000000001,669,1s
2026-03-11T04:48:23.577Z,CS.D.GBPUSD.MINI.IP,1.34532,1.34547,1.345395,196,1s
2026-03-11T04:48:26.236Z,CS.D.EURUSD.MINI.IP,1.16333,1.16342,1.1633749999999998,854,1s
2026-03-11T04:48:26.623Z,CS.D.GBPUSD.MINI.IP,1.34537,1.34552,1.345445,636,1s
2026-03-11T04:48:29.250Z,CS.D.EURUSD.MINI.IP,1.16329,1.16338,1.163335,284,1s
2026-03-11T04:48:29.591Z,CS.D.GBPUSD.MINI.IP,1.34531,1.34546,1.345385,179,1s
2026-03-11T04:48:30.578Z,CS.D.EURUSD.MINI.IP,1.16329,1.16338,1.163335,822,1s
2026-03-11T04:48:30.942Z,CS.D.GBPUSD.MINI.IP,1.34532,1.34547,1.345395,466,1s
2026-03-11T04:48:32.345Z,CS.D.EURUSD.MINI.IP,1.16329,1.16338,1.163335,905,1s
2026-03-11T04:48:33.461Z,CS.D.GBPUSD.MINI.IP,1.34531,1.34546,1.345385,1060,1s
2026-03-11T04:48:33.609Z,CS.D.EURUSD.MINI.IP,1.1633,1.16339,1.163345,1049,1s
2026-03-11T04:48:33.938Z,CS.D.GBPUSD.MINI.IP,1.34539,1.34554,1.345465,356,1s
2026-03-11T04:48:35.243Z,CS.D.EURUSD.MINI.IP,1.16334,1.16343,1.163385,263,1s
2026-03-11T04:49:02.703Z,CS.D.GBPUSD.MINI.IP,1.34531,1.34546,1.345385,269,1s
2026-03-11T04:49:03.669Z,CS.D.EURUSD.MINI.IP,1.16334,1.16343,1.163385,165,1s
2026-03-11T04:49:04.129Z,CS.D.GBPUSD.MINI.IP,1.34531,1.34546,1.345385,844,1s
2026-03-11T04:49:05.322Z,CS.D.EURUSD.MINI.IP,1.16335,1.16344,1.163395,517,1s
2026-03-11T04:49:05.672Z,CS.D.GBPUSD.MINI.IP,1.34538,1.34553,1.3454549999999998,664,1s
2026-03-11T04:49:06.690Z,CS.D.EURUSD.MINI.IP,1.16335,1.16344,1.163395,337,1s
2026-03-11T04:49:07.039Z,CS.D.GBPUSD.MINI.IP,1.34538,1.34553,1.3454549999999998,655,1s
2026-03-11T04:49:08.373Z,CS.D.EURUSD.MINI.IP,1.16334,1.16343,1.163385,802,1s
2026-03-11T04:49:08.698Z,CS.D.GBPUSD.MINI.IP,1.34538,1.34553,1.3454549999999998,882,1s
2026-03-11T04:49:09.667Z,CS.D.EURUSD.MINI.IP,1.16335,1.16344,1.163395,901,1s
2026-03-11T04:49:09.996Z,CS.D.GBPUSD.MINI.IP,1.34538,1.34553,1.3454549999999998,673,1s
2026-03-11T04:49:11.354Z,CS.D.EURUSD.MINI.IP,1.16335,1.16344,1.163395,273,1s
2026-03-11T04:49:11.676Z,CS.D.GBPUSD.MINI.IP,1.34538,1.34553,1.3454549999999998,672,1s
2026-03-11T04:49:12.698Z,CS.D.EURUSD.MINI.IP,1.16336,1.16345,1.163405,938,1s
2026-03-11T04:49:13.049Z,CS.D.GBPUSD.MINI.IP,1.34541,1.34556,1.345485,1012,1s
2026-03-11T04:49:14.364Z,CS.D.EURUSD.MINI.IP,1.16335,1.16344,1.163395,901,1s
2026-03-11T04:49:14.693Z,CS.D.GBPUSD.MINI.IP,1.34541,1.34556,1.345485,381,1s
2026-03-11T04:49:15.696Z,CS.D.EURUSD.MINI.IP,1.16335,1.16344,1.163395,757,1s
2026-03-11T04:49:16.026Z,CS.D.GBPUSD.MINI.IP,1.34541,1.34556,1.345485,239,1s
2026-03-11T04:49:17.358Z,CS.D.EURUSD.MINI.IP,1.16336,1.16345,1.163405,924,1s
2026-03-11T04:49:17.689Z,CS.D.GBPUSD.MINI.IP,1.34541,1.34556,1.345485,547,1s
2026-03-11T04:49:18.728Z,CS.D.EURUSD.MINI.IP,1.16336,1.16345,1.163405,1089,1s
2026-03-11T04:49:19.070Z,CS.D.GBPUSD.MINI.IP,1.34541,1.34556,1.345485,360,1s
2026-03-11T04:49:20.355Z,CS.D.EURUSD.MINI.IP,1.16336,1.16345,1.163405,141,1s
2026-03-11T04:49:20.714Z,CS.D.GBPUSD.MINI.IP,1.34541,1.34556,1.345485,440,1s
2026-03-11T04:49:22.139Z,CS.D.EURUSD.MINI.IP,1.16336,1.16345,1.163405,131,1s
2026-03-11T04:49:22.479Z,CS.D.GBPUSD.MINI.IP,1.34541,1.34556,1.345485,655,1s
2026-03-11T04:49:23.362Z,CS.D.EURUSD.MINI.IP,1.16336,1.16345,1.163405,892,1s
2026-03-11T04:50:02.782Z,CS.D.GBPUSD.MINI.IP,1.3456,1.34575,1.345675,698,1s
2026-03-11T04:50:03.822Z,CS.D.EURUSD.MINI.IP,1.16349,1.16358,1.163535,195,1s
2026-03-11T04:50:04.154Z,CS.D.GBPUSD.MINI.IP,1.3456,1.34575,1.345675,749,1s
2026-03-11T04:50:05.479Z,CS.D.EURUSD.MINI.IP,1.16349,1.16358,1.163535,1085,1s
2026-03-11T04:50:05.802Z,CS.D.GBPUSD.MINI.IP,1.3456,1.34575,1.345675,647,1s
2026-03-11T04:50:06.821Z,CS.D.EURUSD.MINI.IP,1.16349,1.16358,1.163535,629,1s
2026-03-11T04:50:07.154Z,CS.D.GBPUSD.MINI.IP,1.34553,1.34568,1.345605,878,1s
2026-03-11T04:50:08.575Z,CS.D.EURUSD.MINI.IP,1.16348,1.16357,1.163525,1072,1s
2026-03-11T04:50:08.908Z,CS.D.GBPUSD.MINI.IP,1.34556,1.34571,1.3456350000000001,580,1s
2026-03-11T04:50:09.822Z,CS.D.EURUSD.MINI.IP,1.16345,1.16354,1.1634950000000002,156,1s
2026-03-11T04:50:10.173Z,CS.D.GBPUSD.MINI.IP,1.34552,1.34567,1.3455949999999999,886,1s
2026-03-11T04:50:11.512Z,CS.D.EURUSD.MINI.IP,1.16343,1.16352,1.163475,891,1s
2026-03-11T04:50:11.863Z,CS.D.GBPUSD.MINI.IP,1.34552,1.34567,1.3455949999999999,795,1s
2026-03-11T04:50:12.844Z,CS.D.EURUSD.MINI.IP,1.16343,1.16352,1.163475,996,1s
2026-03-11T04:50:13.193Z,CS.D.GBPUSD.MINI.IP,1.34552,1.34567,1.3455949999999999,368,1s
2026-03-11T04:50:14.531Z,CS.D.EURUSD.MINI.IP,1.16345,1.16354,1.1634950000000002,422,1s
2026-03-11T04:50:14.856Z,CS.D.GBPUSD.MINI.IP,1.34557,1.34572,1.345645,1004,1s
2026-03-11T04:50:15.834Z,CS.D.EURUSD.MINI.IP,1.16345,1.16354,1.1634950000000002,820,1s
2026-03-11T04:50:16.164Z,CS.D.GBPUSD.MINI.IP,1.34557,1.34572,1.345645,193,1s
2026-03-11T04:50:17.540Z,CS.D.EURUSD.MINI.IP,1.16345,1.16354,1.1634950000000002,150,1s
2026-03-11T04:50:17.898Z,CS.D.GBPUSD.MINI.IP,1.34558,1.34573,1.345655,384,1s
2026-03-11T04:50:18.958Z,CS.D.EURUSD.MINI.IP,1.16345,1.16354,1.1634950000000002,173,1s
2026-03-11T04:50:19.379Z,CS.D.GBPUSD.MINI.IP,1.34558,1.34573,1.345655,618,1s
2026-03-11T04:50:20.540Z,CS.D.EURUSD.MINI.IP,1.16345,1.16354,1.1634950000000002,976,1s
2026-03-11T04:50:20.865Z,CS.D.GBPUSD.MINI.IP,1.34555,1.3457,1.345625,203,1s
2026-03-11T04:50:21.859Z,CS.D.EURUSD.MINI.IP,1.16344,1.16353,1.163485,114,1s
2026-03-11T04:50:22.206Z,CS.D.GBPUSD.MINI.IP,1.34554,1.34569,1.345615,632,1s
2026-03-11T04:51:03.683Z,CS.D.EURUSD.MINI.IP,1.16345,1.16354,1.1634950000000002,656,1s
2026-03-11T04:51:05.984Z,CS.D.EURUSD.MINI.IP,1.16342,1.16351,1.163465,560,1s
2026-03-11T04:51:08.367Z,CS.D.EURUSD.MINI.IP,1.16344,1.16353,1.163485,966,1s
2026-03-11T04:51:08.838Z,CS.D.GBPUSD.MINI.IP,1.34551,1.3456,1.345555,177,1s
2026-03-11T04:51:09.511Z,CS.D.GBPUSD.MINI.IP,1.34551,1.3456,1.345555,331,1s
2026-03-11T04:51:09.580Z,CS.D.EURUSD.MINI.IP,1.16343,1.16352,1.163475,744,1s
2026-03-11T04:51:09.626Z,CS.D.GBPUSD.MINI.IP,1.34551,1.3456,1.345555,292,1s
2026-03-11T04:51:09.664Z,CS.D.EURUSD.MINI.IP,1.16343,1.16352,1.163475,815,1s
2026-03-11T04:51:09.683Z,CS.D.EURUSD.MINI.IP,1.16343,1.16352,1.163475,450,1s
2026-03-11T04:51:09.703Z,CS.D.EURUSD.MINI.IP,1.16343,1.16352,1.163475,516,1s
2026-03-11T04:51:09.743Z,CS.D.GBPUSD.MINI.IP,1.34551,1.3456,1.345555,469,1s
2026-03-11T04:51:09.949Z,CS.D.GBPUSD.MINI.IP,1.34551,1.3456,1.345555,516,1s
2026-03-11T04:51:10.022Z,CS.D.EURUSD.MINI.IP,1.16343,1.16352,1.163475,598,1s
2026-03-11T04:51:10.025Z,CS.D.GBPUSD.MINI.IP,1.34551,1.3456,1.345555,613,1s
2026-03-11T04:51:10.029Z,CS.D.GBPUSD.MINI.IP,1.34551,1.3456,1.345555,531,1s
2026-03-11T04:51:10.044Z,CS.D.GBPUSD.MINI.IP,1.34551,1.3456,1.345555,343,1s
2026-03-11T04:51:10.332Z,CS.D.GBPUSD.MINI.IP,1.34551,1.3456,1.345555,1063,1s
2026-03-11T04:51:11.761Z,CS.D.EURUSD.MINI.IP,1.16343,1.16352,1.163475,262,1s
2026-03-11T04:51:12.182Z,CS.D.GBPUSD.MINI.IP,1.34551,1.3456,1.345555,1025,1s
2026-03-11T04:51:12.998Z,CS.D.EURUSD.MINI.IP,1.16343,1.16352,1.163475,1056,1s
2026-03-11T04:51:13.328Z,CS.D.GBPUSD.MINI.IP,1.34554,1.34563,1.345585,309,1s
2026-03-11T04:51:14.664Z,CS.D.EURUSD.MINI.IP,1.16344,1.16353,1.163485,914,1s
2026-03-11T04:51:14.996Z,CS.D.GBPUSD.MINI.IP,1.34554,1.34563,1.345585,713,1s
2026-03-11T04:51:15.993Z,CS.D.EURUSD.MINI.IP,1.16344,1.16353,1.163485,813,1s
2026-03-11T04:51:16.362Z,CS.D.GBPUSD.MINI.IP,1.34554,1.34563,1.345585,1046,1s
2026-03-11T04:51:17.670Z,CS.D.EURUSD.MINI.IP,1.16344,1.16353,1.163485,1079,1s
2026-03-11T04:51:17.997Z,CS.D.GBPUSD.MINI.IP,1.34554,1.34563,1.345585,505,1s
2026-03-11T04:51:19.016Z,CS.D.EURUSD.MINI.IP,1.16344,1.16353,1.163485,259,1s
2026-03-11T04:51:19.339Z,CS.D.GBPUSD.MINI.IP,1.34554,1.34563,1.345585,694,1s
2026-03-11T04:52:04.264Z,CS.D.EURUSD.MINI.IP,1.16339,1.16348,1.163435,448,1s
2026-03-11T04:52:04.600Z,CS.D.GBPUSD.MINI.IP,1.34544,1.34553,1.345485,554,1s
2026-03-11T04:52:05.785Z,CS.D.EURUSD.MINI.IP,1.16339,1.16348,1.163435,1011,1s
2026-03-11T04:52:06.115Z,CS.D.GBPUSD.MINI.IP,1.34545,1.34554,1.345495,954,1s
2026-03-11T04:52:07.196Z,CS.D.EURUSD.MINI.IP,1.16339,1.16348,1.163435,519,1s
2026-03-11T04:52:07.528Z,CS.D.GBPUSD.MINI.IP,1.34545,1.34554,1.345495,421,1s
2026-03-11T04:52:08.778Z,CS.D.EURUSD.MINI.IP,1.16339,1.16348,1.163435,886,1s
2026-03-11T04:52:09.126Z,CS.D.GBPUSD.MINI.IP,1.34546,1.34555,1.3455050000000002,834,1s
2026-03-11T04:52:10.160Z,CS.D.EURUSD.MINI.IP,1.16339,1.16348,1.163435,1023,1s
2026-03-11T04:52:10.489Z,CS.D.GBPUSD.MINI.IP,1.34546,1.34555,1.3455050000000002,450,1s
2026-03-11T04:52:11.785Z,CS.D.EURUSD.MINI.IP,1.16339,1.16348,1.163435,282,1s
2026-03-11T04:52:12.141Z,CS.D.GBPUSD.MINI.IP,1.34546,1.34555,1.3455050000000002,182,1s
2026-03-11T04:52:12.849Z,CS.D.EURUSD.MINI.IP,1.1634,1.16349,1.1634449999999998,607,1s
2026-03-11T04:52:13.179Z,CS.D.GBPUSD.MINI.IP,1.34546,1.34555,1.3455050000000002,934,1s
2026-03-11T04:52:13.184Z,CS.D.EURUSD.MINI.IP,1.1634,1.16349,1.1634449999999998,245,1s
2026-03-11T04:52:13.543Z,CS.D.GBPUSD.MINI.IP,1.34546,1.34555,1.3455050000000002,742,1s
2026-03-11T04:52:14.908Z,CS.D.EURUSD.MINI.IP,1.1634,1.16349,1.1634449999999998,697,1s
2026-03-11T04:52:15.327Z,CS.D.GBPUSD.MINI.IP,1.34546,1.34555,1.3455050000000002,129,1s
2026-03-11T04:52:15.817Z,CS.D.EURUSD.MINI.IP,1.1634,1.16349,1.1634449999999998,429,1s
2026-03-11T04:52:16.141Z,CS.D.GBPUSD.MINI.IP,1.34546,1.34555,1.3455050000000002,984,1s
2026-03-11T04:52:16.174Z,CS.D.EURUSD.MINI.IP,1.1634,1.16349,1.1634449999999998,1071,1s
2026-03-11T04:52:16.524Z,CS.D.GBPUSD.MINI.IP,1.34546,1.34555,1.3455050000000002,607,1s
2026-03-11T04:52:17.863Z,CS.D.EURUSD.MINI.IP,1.1634,1.16349,1.1634449999999998,487,1s
2026-03-11T04:52:18.200Z,CS.D.GBPUSD.MINI.IP,1.34546,1.34555,1.3455050000000002,704,1s
2026-03-11T04:52:18.833Z,CS.D.EURUSD.MINI.IP,1.1634,1.16349,1.1634449999999998,558,1s
2026-03-11T04:52:19.162Z,CS.D.EURUSD.MINI.IP,1.1634,1.16349,1.1634449999999998,964,1s
2026-03-11T04:53:04.227Z,CS.D.EURUSD.MINI.IP,1.16329,1.16338,1.163335,868,1s
2026-03-11T04:53:04.308Z,CS.D.GBPUSD.MINI.IP,1.34542,1.34551,1.345465,187,1s
2026-03-11T04:53:04.557Z,CS.D.GBPUSD.MINI.IP,1.34542,1.34551,1.345465,446,1s
2026-03-11T04:53:05.945Z,CS.D.EURUSD.MINI.IP,1.16329,1.16338,1.163335,679,1s
2026-03-11T04:53:06.267Z,CS.D.GBPUSD.MINI.IP,1.34542,1.34551,1.345465,679,1s
2026-03-11T04:53:06.985Z,CS.D.EURUSD.MINI.IP,1.16329,1.16338,1.163335,650,1s
2026-03-11T04:53:07.309Z,CS.D.GBPUSD.MINI.IP,1.34541,1.3455,1.3454549999999998,763,1s
2026-03-11T04:53:07.329Z,CS.D.EURUSD.MINI.IP,1.16329,1.16338,1.163335,241,1s
2026-03-11T04:53:07.680Z,CS.D.GBPUSD.MINI.IP,1.34541,1.3455,1.3454549999999998,607,1s
2026-03-11T04:53:08.906Z,CS.D.EURUSD.MINI.IP,1.1633,1.16339,1.163345,241,1s
2026-03-11T04:53:09.243Z,CS.D.GBPUSD.MINI.IP,1.34545,1.34554,1.345495,648,1s
2026-03-11T04:53:09.987Z,CS.D.EURUSD.MINI.IP,1.16328,1.16337,1.163325,925,1s
2026-03-11T04:53:10.273Z,CS.D.EURUSD.MINI.IP,1.16328,1.16337,1.163325,473,1s
2026-03-11T04:53:10.314Z,CS.D.GBPUSD.MINI.IP,1.34541,1.3455,1.3454549999999998,773,1s
2026-03-11T04:53:10.607Z,CS.D.GBPUSD.MINI.IP,1.34541,1.3455,1.3454549999999998,106,1s
2026-03-11T04:53:11.934Z,CS.D.EURUSD.MINI.IP,1.16328,1.16337,1.163325,870,1s
2026-03-11T04:53:12.259Z,CS.D.GBPUSD.MINI.IP,1.34538,1.34547,1.345425,934,1s
2026-03-11T04:53:13.001Z,CS.D.EURUSD.MINI.IP,1.16325,1.16334,1.163295,379,1s
2026-03-11T04:53:13.271Z,CS.D.EURUSD.MINI.IP,1.16325,1.16334,1.163295,654,1s
2026-03-11T04:53:13.372Z,CS.D.GBPUSD.MINI.IP,1.34538,1.34547,1.345425,636,1s
2026-03-11T04:53:13.663Z,CS.D.GBPUSD.MINI.IP,1.34538,1.34547,1.345425,494,1s
2026-03-11T04:53:14.921Z,CS.D.EURUSD.MINI.IP,1.16325,1.16334,1.163295,585,1s
2026-03-11T04:53:15.250Z,CS.D.GBPUSD.MINI.IP,1.34538,1.34547,1.345425,243,1s
2026-03-11T04:53:16.014Z,CS.D.EURUSD.MINI.IP,1.16325,1.16334,1.163295,106,1s
2026-03-11T04:53:16.260Z,CS.D.EURUSD.MINI.IP,1.16325,1.16334,1.163295,453,1s
2026-03-11T04:53:16.360Z,CS.D.GBPUSD.MINI.IP,1.34538,1.34547,1.345425,330,1s
2026-03-11T04:53:16.586Z,CS.D.GBPUSD.MINI.IP,1.34538,1.34547,1.345425,642,1s
2026-03-11T04:53:17.937Z,CS.D.EURUSD.MINI.IP,1.16325,1.16334,1.163295,995,1s
2026-03-11T04:53:18.272Z,CS.D.GBPUSD.MINI.IP,1.34538,1.34547,1.345425,924,1s
2026-03-11T04:54:04.402Z,CS.D.EURUSD.MINI.IP,1.16323,1.16332,1.163275,634,1s
2026-03-11T04:54:04.415Z,CS.D.GBPUSD.MINI.IP,1.34528,1.34537,1.3453249999999999,620,1s
2026-03-11T04:54:04.737Z,CS.D.GBPUSD.MINI.IP,1.34528,1.34537,1.3453249999999999,644,1s
2026-03-11T04:54:06.118Z,CS.D.EURUSD.MINI.IP,1.16323,1.16332,1.163275,868,1s
2026-03-11T04:54:06.463Z,CS.D.GBPUSD.MINI.IP,1.34528,1.34537,1.3453249999999999,876,1s
2026-03-11T04:54:07.122Z,CS.D.EURUSD.MINI.IP,1.16323,1.16332,1.163275,446,1s
2026-03-11T04:54:07.385Z,CS.D.EURUSD.MINI.IP,1.16323,1.16332,1.163275,937,1s
2026-03-11T04:54:07.476Z,CS.D.GBPUSD.MINI.IP,1.34528,1.34537,1.3453249999999999,682,1s
2026-03-11T04:54:07.698Z,CS.D.GBPUSD.MINI.IP,1.34528,1.34537,1.3453249999999999,932,1s
2026-03-11T04:54:09.096Z,CS.D.EURUSD.MINI.IP,1.16323,1.16332,1.163275,386,1s
2026-03-11T04:54:09.465Z,CS.D.GBPUSD.MINI.IP,1.34528,1.34537,1.3453249999999999,370,1s
2026-03-11T04:54:10.103Z,CS.D.EURUSD.MINI.IP,1.16323,1.16332,1.163275,687,1s
2026-03-11T04:54:10.404Z,CS.D.EURUSD.MINI.IP,1.16323,1.16332,1.163275,271,1s
2026-03-11T04:54:10.443Z,CS.D.GBPUSD.MINI.IP,1.34528,1.34537,1.3453249999999999,969,1s
2026-03-11T04:54:10.718Z,CS.D.GBPUSD.MINI.IP,1.34528,1.34537,1.3453249999999999,112,1s
2026-03-11T04:54:12.108Z,CS.D.EURUSD.MINI.IP,1.16324,1.16333,1.1632850000000001,508,1s
2026-03-11T04:54:12.471Z,CS.D.GBPUSD.MINI.IP,1.34528,1.34537,1.3453249999999999,586,1s
2026-03-11T04:54:13.252Z,CS.D.EURUSD.MINI.IP,1.16324,1.16333,1.1632850000000001,456,1s
2026-03-11T04:54:13.580Z,CS.D.EURUSD.MINI.IP,1.16324,1.16333,1.1632850000000001,244,1s
2026-03-11T04:54:13.610Z,CS.D.GBPUSD.MINI.IP,1.34528,1.34537,1.3453249999999999,959,1s
2026-03-11T04:54:13.913Z,CS.D.GBPUSD.MINI.IP,1.34528,1.34537,1.3453249999999999,133,1s
2026-03-11T04:54:15.103Z,CS.D.EURUSD.MINI.IP,1.16324,1.16333,1.1632850000000001,1023,1s
2026-03-11T04:54:15.430Z,CS.D.GBPUSD.MINI.IP,1.34528,1.34537,1.3453249999999999,590,1s
2026-03-11T04:54:16.139Z,CS.D.EURUSD.MINI.IP,1.16324,1.16333,1.1632850000000001,1091,1s
2026-03-11T04:54:16.454Z,CS.D.EURUSD.MINI.IP,1.16324,1.16333,1.1632850000000001,699,1s
2026-03-11T04:54:16.471Z,CS.D.GBPUSD.MINI.IP,1.34528,1.34537,1.3453249999999999,381,1s
2026-03-11T04:54:16.902Z,CS.D.GBPUSD.MINI.IP,1.34528,1.34537,1.3453249999999999,546,1s
2026-03-11T04:55:04.497Z,CS.D.EURUSD.MINI.IP,1.16323,1.16329,1.16326,519,1s
2026-03-11T04:55:04.570Z,CS.D.EURUSD.MINI.IP,1.16323,1.16329,1.16326,423,1s
2026-03-11T04:55:04.670Z,CS.D.GBPUSD.MINI.IP,1.34527,1.34536,1.3453149999999998,528,1s
2026-03-11T04:55:04.836Z,CS.D.GBPUSD.MINI.IP,1.34527,1.34536,1.3453149999999998,303,1s
2026-03-11T04:55:04.911Z,CS.D.GBPUSD.MINI.IP,1.34527,1.34536,1.3453149999999998,1028,1s
2026-03-11T04:55:06.282Z,CS.D.EURUSD.MINI.IP,1.16323,1.16329,1.16326,582,1s
2026-03-11T04:55:06.692Z,CS.D.GBPUSD.MINI.IP,1.34527,1.34536,1.3453149999999998,344,1s
2026-03-11T04:55:07.320Z,CS.D.EURUSD.MINI.IP,1.16323,1.16329,1.16326,978,1s
2026-03-11T04:55:07.495Z,CS.D.EURUSD.MINI.IP,1.16323,1.16329,1.16326,310,1s
2026-03-11T04:55:07.567Z,CS.D.EURUSD.MINI.IP,1.16323,1.16329,1.16326,743,1s
2026-03-11T04:55:07.656Z,CS.D.GBPUSD.MINI.IP,1.34527,1.34536,1.3453149999999998,164,1s
2026-03-11T04:55:07.826Z,CS.D.GBPUSD.MINI.IP,1.34527,1.34536,1.3453149999999998,868,1s
2026-03-11T04:55:07.886Z,CS.D.GBPUSD.MINI.IP,1.34527,1.34536,1.3453149999999998,657,1s
2026-03-11T04:55:09.325Z,CS.D.EURUSD.MINI.IP,1.16321,1.16327,1.16324,745,1s
2026-03-11T04:55:09.650Z,CS.D.GBPUSD.MINI.IP,1.34527,1.34536,1.3453149999999998,156,1s
2026-03-11T04:55:10.295Z,CS.D.EURUSD.MINI.IP,1.16321,1.16327,1.16324,165,1s
2026-03-11T04:55:10.512Z,CS.D.EURUSD.MINI.IP,1.16321,1.16327,1.16324,484,1s
2026-03-11T04:55:10.575Z,CS.D.EURUSD.MINI.IP,1.16321,1.16327,1.16324,984,1s
2026-03-11T04:55:10.614Z,CS.D.GBPUSD.MINI.IP,1.34527,1.34536,1.3453149999999998,226,1s
2026-03-11T04:55:10.839Z,CS.D.GBPUSD.MINI.IP,1.34527,1.34536,1.3453149999999998,704,1s
2026-03-11T04:55:10.905Z,CS.D.GBPUSD.MINI.IP,1.34527,1.34536,1.3453149999999998,589,1s
2026-03-11T04:55:12.269Z,CS.D.EURUSD.MINI.IP,1.16321,1.16327,1.16324,367,1s
2026-03-11T04:55:12.606Z,CS.D.GBPUSD.MINI.IP,1.34527,1.34536,1.3453149999999998,932,1s
2026-03-11T04:55:13.319Z,CS.D.EURUSD.MINI.IP,1.16321,1.16327,1.16324,214,1s
2026-03-11T04:55:13.518Z,CS.D.EURUSD.MINI.IP,1.16321,1.16327,1.16324,621,1s
2026-03-11T04:55:13.588Z,CS.D.EURUSD.MINI.IP,1.16321,1.16327,1.16324,1077,1s
2026-03-11T04:55:13.647Z,CS.D.GBPUSD.MINI.IP,1.34527,1.34536,1.3453149999999998,1046,1s
2026-03-11T04:55:13.888Z,CS.D.GBPUSD.MINI.IP,1.34527,1.34536,1.3453149999999998,334,1s
2026-03-11T04:56:04.691Z,CS.D.EURUSD.MINI.IP,1.16325,1.16331,1.1632799999999999,176,1s
2026-03-11T04:56:04.783Z,CS.D.EURUSD.MINI.IP,1.16325,1.16331,1.1632799999999999,1022,1s
2026-03-11T04:56:04.796Z,CS.D.GBPUSD.MINI.IP,1.34529,1.34538,1.345335,877,1s
2026-03-11T04:56:05.076Z,CS.D.GBPUSD.MINI.IP,1.34529,1.34538,1.345335,159,1s
2026-03-11T04:56:05.124Z,CS.D.GBPUSD.MINI.IP,1.34529,1.34538,1.345335,823,1s
2026-03-11T04:56:06.418Z,CS.D.EURUSD.MINI.IP,1.16325,1.16331,1.1632799999999999,941,1s
2026-03-11T04:56:06.433Z,CS.D.EURUSD.MINI.IP,1.16325,1.16331,1.1632799999999999,412,1s
2026-03-11T04:56:06.765Z,CS.D.GBPUSD.MINI.IP,1.34529,1.34538,1.345335,214,1s
2026-03-11T04:56:06.775Z,CS.D.GBPUSD.MINI.IP,1.34529,1.34538,1.345335,657,1s
2026-03-11T04:56:07.434Z,CS.D.EURUSD.MINI.IP,1.16325,1.16331,1.1632799999999999,897,1s
2026-03-11T04:56:07.701Z,CS.D.EURUSD.MINI.IP,1.16325,1.16331,1.1632799999999999,622,1s
2026-03-11T04:56:07.733Z,CS.D.EURUSD.MINI.IP,1.16325,1.16331,1.1632799999999999,884,1s
2026-03-11T04:56:07.780Z,CS.D.GBPUSD.MINI.IP,1.34529,1.34538,1.345335,143,1s
2026-03-11T04:56:08.049Z,CS.D.GBPUSD.MINI.IP,1.34529,1.34538,1.345335,312,1s
2026-03-11T04:56:08.064Z,CS.D.GBPUSD.MINI.IP,1.34529,1.34538,1.345335,431,1s
2026-03-11T04:56:09.690Z,CS.D.EURUSD.MINI.IP,1.16325,1.16331,1.1632799999999999,233,1s
2026-03-11T04:56:09.714Z,CS.D.EURUSD.MINI.IP,1.16325,1.16331,1.1632799999999999,1004,1s
2026-03-11T04:56:10.031Z,CS.D.GBPUSD.MINI.IP,1.34529,1.34538,1.345335,288,1s
2026-03-11T04:56:10.060Z,CS.D.GBPUSD.MINI.IP,1.34529,1.34538,1.345335,287,1s
2026-03-11T04:56:10.460Z,CS.D.EURUSD.MINI.IP,1.16325,1.16331,1.1632799999999999,150,1s
2026-03-11T04:56:10.726Z,CS.D.EURUSD.MINI.IP,1.16325,1.16331,1.1632799999999999,548,1s
2026-03-11T04:56:10.740Z,CS.D.EURUSD.MINI.IP,1.16325,1.16331,1.1632799999999999,970,1s
2026-03-11T04:56:10.942Z,CS.D.GBPUSD.MINI.IP,1.34529,1.34538,1.345335,1048,1s
2026-03-11T04:56:11.145Z,CS.D.GBPUSD.MINI.IP,1.3453,1.34539,1.345345,364,1s
2026-03-11T04:56:11.167Z,CS.D.GBPUSD.MINI.IP,1.3453,1.34539,1.345345,1076,1s
2026-03-11T04:56:12.433Z,CS.D.EURUSD.MINI.IP,1.16325,1.16331,1.1632799999999999,619,1s
2026-03-11T04:56:12.443Z,CS.D.EURUSD.MINI.IP,1.16325,1.16331,1.1632799999999999,795,1s
2026-03-11T04:56:12.762Z,CS.D.GBPUSD.MINI.IP,1.3453,1.34539,1.345345,575,1s
2026-03-11T04:56:12.783Z,CS.D.GBPUSD.MINI.IP,1.3453,1.34539,1.345345,540,1s
