timestamp,epic,bid,ask,price,volume,timeframe
2026-03-11T02:10:10.903Z,CS.D.EURUSD.MINI.IP,1.16241,1.1625,1.162455,308,2s
2026-03-11T02:10:19.922Z,CS.D.EURUSD.MINI.IP,1.16243,1.16252,1.1624750000000001,412,2s
2026-03-11T02:10:20.071Z,CS.D.EURUSD.MINI.IP,1.16243,1.16252,1.1624750000000001,408,2s
2026-03-11T02:10:20.250Z,CS.D.GBPUSD.MINI.IP,1.34422,1.34431,1.344265,355,2s
2026-03-11T02:10:21.215Z,CS.D.GBPUSD.MINI.IP,1.34422,1.34431,1.344265,711,2s
2026-03-11T02:10:22.931Z,CS.D.EURUSD.MINI.IP,1.16241,1.1625,1.162455,533,2s
2026-03-11T02:10:23.084Z,CS.D.EURUSD.MINI.IP,1.16241,1.1625,1.162455,490,2s
2026-03-11T02:10:23.264Z,CS.D.GBPUSD.MINI.IP,1.34421,1.3443,1.344255,436,2s
2026-03-11T02:10:23.414Z,CS.D.GBPUSD.MINI.IP,1.34421,1.3443,1.344255,220,2s
2026-03-11T02:10:25.932Z,CS.D.EURUSD.MINI.IP,1.1624,1.16249,1.162445,908,2s
2026-03-11T02:10:26.119Z,CS.D.EURUSD.MINI.IP,1.16239,1.16248,1.1624349999999999,329,2s
2026-03-11T02:10:26.256Z,CS.D.GBPUSD.MINI.IP,1.34422,1.34431,1.344265,483,2s
2026-03-11T02:10:26.501Z,CS.D.GBPUSD.MINI.IP,1.34422,1.34431,1.344265,565,2s
2026-03-11T02:10:28.989Z,CS.D.EURUSD.MINI.IP,1.1624,1.16249,1.162445,990,2s
2026-03-11T02:10:29.112Z,CS.D.EURUSD.MINI.IP,1.1624,1.16249,1.162445,878,2s
2026-03-11T02:10:29.330Z,CS.D.GBPUSD.MINI.IP,1.34422,1.34431,1.344265,128,2s
2026-03-11T02:10:29.434Z,CS.D.GBPUSD.MINI.IP,1.34422,1.34431,1.344265,731,2s
2026-03-11T02:10:32.106Z,CS.D.EURUSD.MINI.IP,1.16241,1.1625,1.162455,400,2s
2026-03-11T02:10:32.235Z,CS.D.EURUSD.MINI.IP,1.16243,1.16252,1.1624750000000001,179,2s
2026-03-11T02:10:32.439Z,CS.D.GBPUSD.MINI.IP,1.34422,1.34431,1.344265,134,2s
2026-03-11T02:10:32.589Z,CS.D.GBPUSD.MINI.IP,1.34422,1.34431,1.344265,227,2s
2026-03-11T02:10:34.988Z,CS.D.EURUSD.MINI.IP,1.16242,1.16251,1.162465,493,2s
2026-03-11T02:10:35.162Z,CS.D.EURUSD.MINI.IP,1.16242,1.16251,1.162465,406,2s
2026-03-11T02:10:35.306Z,CS.D.GBPUSD.MINI.IP,1.34422,1.34431,1.344265,649,2s
2026-03-11T02:10:35.499Z,CS.D.GBPUSD.MINI.IP,1.34421,1.3443,1.344255,122,2s
2026-03-11T02:10:37.978Z,CS.D.EURUSD.MINI.IP,1.1624,1.16249,1.162445,666,2s
2026-03-11T02:10:38.172Z,CS.D.EURUSD.MINI.IP,1.1624,1.16249,1.162445,847,2s
2026-03-11T02:10:38.303Z,CS.D.GBPUSD.MINI.IP,1.34422,1.34431,1.344265,100,2s
2026-03-11T02:10:38.520Z,CS.D.GBPUSD.MINI.IP,1.34422,1.34431,1.344265,575,2s
2026-03-11T02:11:20.135Z,CS.D.EURUSD.MINI.IP,1.16241,1.1625,1.162455,612,2s
2026-03-11T02:11:20.286Z,CS.D.EURUSD.MINI.IP,1.16241,1.1625,1.162455,795,2s
2026-03-11T02:11:20.514Z,CS.D.GBPUSD.MINI.IP,1.34408,1.34417,1.344125,325,2s
2026-03-11T02:11:20.626Z,CS.D.GBPUSD.MINI.IP,1.34408,1.34417,1.344125,916,2s
2026-03-11T02:11:23.124Z,CS.D.EURUSD.MINI.IP,1.16241,1.1625,1.162455,355,2s
2026-03-11T02:11:23.449Z,CS.D.GBPUSD.MINI.IP,1.34408,1.34417,1.344125,919,2s
2026-03-11T02:11:23.860Z,CS.D.EURUSD.MINI.IP,1.16241,1.1625,1.162455,253,2s
2026-03-11T02:11:24.193Z,CS.D.GBPUSD.MINI.IP,1.34408,1.34417,1.344125,395,2s
2026-03-11T02:11:26.131Z,CS.D.EURUSD.MINI.IP,1.16245,1.16254,1.1624949999999998,906,2s
2026-03-11T02:11:26.304Z,CS.D.EURUSD.MINI.IP,1.16245,1.16254,1.1624949999999998,782,2s
2026-03-11T02:11:26.753Z,CS.D.GBPUSD.MINI.IP,1.34409,1.34418,1.344135,416,2s
2026-03-11T02:11:27.037Z,CS.D.GBPUSD.MINI.IP,1.34409,1.34418,1.344135,231,2s
2026-03-11T02:11:29.154Z,CS.D.EURUSD.MINI.IP,1.16245,1.16254,1.1624949999999998,729,2s
2026-03-11T02:11:29.309Z,CS.D.EURUSD.MINI.IP,1.16245,1.16254,1.1624949999999998,786,2s
2026-03-11T02:11:29.495Z,CS.D.GBPUSD.MINI.IP,1.34409,1.34418,1.344135,529,2s
2026-03-11T02:11:29.643Z,CS.D.GBPUSD.MINI.IP,1.34409,1.34418,1.344135,937,2s
2026-03-11T02:11:32.192Z,CS.D.EURUSD.MINI.IP,1.16244,1.16253,1.162485,743,2s
2026-03-11T02:11:32.319Z,CS.D.EURUSD.MINI.IP,1.16244,1.16253,1.162485,1040,2s
2026-03-11T02:11:32.556Z,CS.D.GBPUSD.MINI.IP,1.34409,1.34418,1.344135,549,2s
2026-03-11T02:11:32.649Z,CS.D.GBPUSD.MINI.IP,1.34409,1.34418,1.344135,443,2s
2026-03-11T02:11:35.142Z,CS.D.EURUSD.MINI.IP,1.16238,1.16247,1.1624249999999998,202,2s
2026-03-11T02:11:35.313Z,CS.D.EURUSD.MINI.IP,1.16238,1.16247,1.1624249999999998,429,2s
2026-03-11T02:11:35.487Z,CS.D.GBPUSD.MINI.IP,1.34408,1.34417,1.344125,805,2s
2026-03-11T02:11:35.649Z,CS.D.GBPUSD.MINI.IP,1.34408,1.34417,1.344125,921,2s
2026-03-11T02:11:38.168Z,CS.D.EURUSD.MINI.IP,1.16237,1.16246,1.162415,499,2s
2026-03-11T02:11:38.322Z,CS.D.EURUSD.MINI.IP,1.16236,1.16245,1.1624050000000001,758,2s
2026-03-11T02:11:38.509Z,CS.D.GBPUSD.MINI.IP,1.34407,1.34416,1.344115,389,2s
2026-03-11T02:12:20.286Z,CS.D.EURUSD.MINI.IP,1.1624,1.16249,1.162445,1075,2s
2026-03-11T02:12:20.570Z,CS.D.EURUSD.MINI.IP,1.1624,1.16249,1.162445,987,2s
2026-03-11T02:12:20.793Z,CS.D.GBPUSD.MINI.IP,1.34418,1.34427,1.344225,354,2s
2026-03-11T02:12:20.970Z,CS.D.GBPUSD.MINI.IP,1.34418,1.34427,1.344225,715,2s
2026-03-11T02:12:23.428Z,CS.D.EURUSD.MINI.IP,1.16239,1.16248,1.1624349999999999,1015,2s
2026-03-11T02:12:23.521Z,CS.D.EURUSD.MINI.IP,1.16239,1.16248,1.1624349999999999,586,2s
2026-03-11T02:12:24.057Z,CS.D.GBPUSD.MINI.IP,1.34418,1.34427,1.344225,604,2s
2026-03-11T02:12:24.148Z,CS.D.GBPUSD.MINI.IP,1.34418,1.34427,1.344225,761,2s
2026-03-11T02:12:26.263Z,CS.D.EURUSD.MINI.IP,1.1624,1.16249,1.162445,170,2s
2026-03-11T02:12:26.548Z,CS.D.EURUSD.MINI.IP,1.1624,1.16249,1.162445,550,2s
2026-03-11T02:12:26.784Z,CS.D.GBPUSD.MINI.IP,1.34418,1.34427,1.344225,771,2s
2026-03-11T02:12:27.137Z,CS.D.GBPUSD.MINI.IP,1.34418,1.34427,1.344225,936,2s
2026-03-11T02:12:29.300Z,CS.D.EURUSD.MINI.IP,1.16237,1.16246,1.162415,995,2s
2026-03-11T02:12:29.573Z,CS.D.EURUSD.MINI.IP,1.16237,1.16246,1.162415,884,2s
2026-03-11T02:12:29.659Z,CS.D.GBPUSD.MINI.IP,1.34416,1.34425,1.344205,837,2s
2026-03-11T02:12:29.917Z,CS.D.GBPUSD.MINI.IP,1.34416,1.34425,1.344205,500,2s
2026-03-11T02:12:32.326Z,CS.D.EURUSD.MINI.IP,1.16237,1.16246,1.162415,1078,2s
2026-03-11T02:12:32.666Z,CS.D.GBPUSD.MINI.IP,1.34416,1.34425,1.344205,913,2s
2026-03-11T02:12:32.673Z,CS.D.EURUSD.MINI.IP,1.16237,1.16246,1.162415,213,2s
2026-03-11T02:12:33.006Z,CS.D.GBPUSD.MINI.IP,1.34416,1.34425,1.344205,822,2s
2026-03-11T02:12:35.309Z,CS.D.EURUSD.MINI.IP,1.16229,1.16238,1.1623350000000001,298,2s
2026-03-11T02:12:35.516Z,CS.D.EURUSD.MINI.IP,1.16229,1.16238,1.1623350000000001,1015,2s
2026-03-11T02:12:35.641Z,CS.D.GBPUSD.MINI.IP,1.3441,1.34419,1.3441450000000001,312,2s
2026-03-11T02:12:35.849Z,CS.D.GBPUSD.MINI.IP,1.34409,1.34418,1.344135,227,2s
2026-03-11T02:12:37.957Z,CS.D.EURUSD.MINI.IP,1.16229,1.16238,1.1623350000000001,804,2s
2026-03-11T02:12:38.340Z,CS.D.EURUSD.MINI.IP,1.16229,1.16238,1.1623350000000001,785,2s
2026-03-11T02:12:38.360Z,CS.D.GBPUSD.MINI.IP,1.34406,1.34415,1.3441049999999999,690,2s
2026-03-11T02:13:20.432Z,CS.D.GBPUSD.MINI.IP,1.34412,1.34421,1.3441649999999998,968,2s
2026-03-11T02:13:20.509Z,CS.D.EURUSD.MINI.IP,1.16233,1.16242,1.162375,106,2s
2026-03-11T02:13:20.646Z,CS.D.EURUSD.MINI.IP,1.16233,1.16242,1.162375,1021,2s
2026-03-11T02:13:20.835Z,CS.D.GBPUSD.MINI.IP,1.34412,1.34421,1.3441649999999998,725,2s
2026-03-11T02:13:20.973Z,CS.D.GBPUSD.MINI.IP,1.34412,1.34421,1.3441649999999998,376,2s
2026-03-11T02:13:23.199Z,CS.D.EURUSD.MINI.IP,1.16232,1.16241,1.1623649999999999,477,2s
2026-03-11T02:13:23.438Z,CS.D.EURUSD.MINI.IP,1.16232,1.16241,1.1623649999999999,823,2s
2026-03-11T02:13:23.527Z,CS.D.GBPUSD.MINI.IP,1.34412,1.34421,1.3441649999999998,681,2s
2026-03-11T02:13:23.636Z,CS.D.EURUSD.MINI.IP,1.16234,1.16243,1.162385,689,2s
2026-03-11T02:13:23.766Z,CS.D.GBPUSD.MINI.IP,1.34412,1.34421,1.3441649999999998,898,2s
2026-03-11T02:13:23.970Z,CS.D.GBPUSD.MINI.IP,1.34412,1.34421,1.3441649999999998,865,2s
2026-03-11T02:13:26.101Z,CS.D.EURUSD.MINI.IP,1.16234,1.16243,1.162385,823,2s
2026-03-11T02:13:26.416Z,CS.D.EURUSD.MINI.IP,1.16234,1.16243,1.162385,920,2s
2026-03-11T02:13:26.436Z,CS.D.GBPUSD.MINI.IP,1.34411,1.3442,1.344155,699,2s
2026-03-11T02:13:26.664Z,CS.D.EURUSD.MINI.IP,1.16235,1.16244,1.162395,768,2s
2026-03-11T02:13:26.742Z,CS.D.GBPUSD.MINI.IP,1.34411,1.3442,1.344155,207,2s
2026-03-11T02:13:27.003Z,CS.D.GBPUSD.MINI.IP,1.34411,1.3442,1.344155,516,2s
2026-03-11T02:13:29.106Z,CS.D.EURUSD.MINI.IP,1.16235,1.16244,1.162395,993,2s
2026-03-11T02:13:29.417Z,CS.D.EURUSD.MINI.IP,1.16235,1.16244,1.162395,1090,2s
2026-03-11T02:13:29.436Z,CS.D.GBPUSD.MINI.IP,1.34411,1.3442,1.344155,699,2s
2026-03-11T02:13:29.707Z,CS.D.EURUSD.MINI.IP,1.16235,1.16244,1.162395,447,2s
2026-03-11T02:13:29.767Z,CS.D.GBPUSD.MINI.IP,1.34411,1.3442,1.344155,988,2s
2026-03-11T02:13:30.051Z,CS.D.GBPUSD.MINI.IP,1.34411,1.3442,1.344155,693,2s
2026-03-11T02:13:32.126Z,CS.D.EURUSD.MINI.IP,1.16235,1.16244,1.162395,210,2s
2026-03-11T02:13:32.480Z,CS.D.GBPUSD.MINI.IP,1.34413,1.34422,1.344175,372,2s
2026-03-11T02:13:32.815Z,CS.D.EURUSD.MINI.IP,1.16235,1.16244,1.162395,423,2s
2026-03-11T02:13:33.034Z,CS.D.EURUSD.MINI.IP,1.16235,1.16244,1.162395,757,2s
2026-03-11T02:13:33.155Z,CS.D.GBPUSD.MINI.IP,1.34413,1.34422,1.344175,390,2s
2026-03-11T02:14:20.627Z,CS.D.GBPUSD.MINI.IP,1.34414,1.34423,1.344185,100,2s
2026-03-11T02:14:20.835Z,CS.D.EURUSD.MINI.IP,1.16232,1.16241,1.1623649999999999,340,2s
2026-03-11T02:14:21.030Z,CS.D.EURUSD.MINI.IP,1.16232,1.16241,1.1623649999999999,665,2s
2026-03-11T02:14:21.183Z,CS.D.GBPUSD.MINI.IP,1.34414,1.34423,1.344185,699,2s
2026-03-11T02:14:21.364Z,CS.D.GBPUSD.MINI.IP,1.34414,1.34423,1.344185,729,2s
2026-03-11T02:14:23.246Z,CS.D.EURUSD.MINI.IP,1.16231,1.1624,1.162355,438,2s
2026-03-11T02:14:23.823Z,CS.D.EURUSD.MINI.IP,1.16231,1.1624,1.162355,680,2s
2026-03-11T02:14:23.841Z,CS.D.GBPUSD.MINI.IP,1.34414,1.34423,1.344185,1055,2s
2026-03-11T02:14:24.013Z,CS.D.EURUSD.MINI.IP,1.16231,1.1624,1.162355,593,2s
2026-03-11T02:14:24.521Z,CS.D.GBPUSD.MINI.IP,1.34414,1.34423,1.344185,1080,2s
2026-03-11T02:14:24.789Z,CS.D.GBPUSD.MINI.IP,1.34414,1.34423,1.344185,694,2s
2026-03-11T02:14:26.392Z,CS.D.EURUSD.MINI.IP,1.1623,1.16239,1.1623450000000002,423,2s
2026-03-11T02:14:26.577Z,CS.D.EURUSD.MINI.IP,1.1623,1.16239,1.1623450000000002,455,2s
2026-03-11T02:14:26.727Z,CS.D.GBPUSD.MINI.IP,1.34413,1.34422,1.344175,120,2s
2026-03-11T02:14:26.800Z,CS.D.EURUSD.MINI.IP,1.1623,1.16239,1.1623450000000002,612,2s
2026-03-11T02:14:26.903Z,CS.D.GBPUSD.MINI.IP,1.34413,1.34422,1.344175,151,2s
2026-03-11T02:14:27.128Z,CS.D.GBPUSD.MINI.IP,1.34413,1.34422,1.344175,797,2s
2026-03-11T02:14:29.251Z,CS.D.EURUSD.MINI.IP,1.16231,1.1624,1.162355,836,2s
2026-03-11T02:14:29.572Z,CS.D.EURUSD.MINI.IP,1.16231,1.1624,1.162355,444,2s
2026-03-11T02:14:29.587Z,CS.D.GBPUSD.MINI.IP,1.34414,1.34423,1.344185,675,2s
2026-03-11T02:14:29.833Z,CS.D.EURUSD.MINI.IP,1.16231,1.1624,1.162355,766,2s
2026-03-11T02:14:29.921Z,CS.D.GBPUSD.MINI.IP,1.34414,1.34423,1.344185,699,2s
2026-03-11T02:14:30.166Z,CS.D.GBPUSD.MINI.IP,1.34414,1.34423,1.344185,126,2s
2026-03-11T02:14:32.336Z,CS.D.EURUSD.MINI.IP,1.16231,1.1624,1.162355,112,2s
2026-03-11T02:14:32.589Z,CS.D.EURUSD.MINI.IP,1.16231,1.1624,1.162355,362,2s
2026-03-11T02:14:32.654Z,CS.D.GBPUSD.MINI.IP,1.34414,1.34423,1.344185,135,2s
2026-03-11T02:14:32.833Z,CS.D.EURUSD.MINI.IP,1.16231,1.1624,1.162355,770,2s
2026-03-11T02:14:32.933Z,CS.D.GBPUSD.MINI.IP,1.34414,1.34423,1.344185,514,2s
2026-03-11T02:15:20.705Z,CS.D.EURUSD.MINI.IP,1.16235,1.16244,1.162395,124,2s
2026-03-11T02:15:20.710Z,CS.D.GBPUSD.MINI.IP,1.34415,1.34424,1.344195,796,2s
2026-03-11T02:15:21.022Z,CS.D.GBPUSD.MINI.IP,1.3441,1.34419,1.3441450000000001,742,2s
2026-03-11T02:15:21.027Z,CS.D.EURUSD.MINI.IP,1.16233,1.16242,1.162375,1066,2s
2026-03-11T02:15:21.479Z,CS.D.GBPUSD.MINI.IP,1.34409,1.34418,1.344135,903,2s
2026-03-11T02:15:23.419Z,CS.D.EURUSD.MINI.IP,1.16232,1.16241,1.1623649999999999,681,2s
2026-03-11T02:15:23.720Z,CS.D.EURUSD.MINI.IP,1.16232,1.16241,1.1623649999999999,709,2s
2026-03-11T02:15:23.758Z,CS.D.GBPUSD.MINI.IP,1.3441,1.34419,1.3441450000000001,191,2s
2026-03-11T02:15:23.923Z,CS.D.EURUSD.MINI.IP,1.16232,1.16241,1.1623649999999999,434,2s
2026-03-11T02:15:24.061Z,CS.D.GBPUSD.MINI.IP,1.34408,1.34417,1.344125,821,2s
2026-03-11T02:15:24.275Z,CS.D.GBPUSD.MINI.IP,1.34408,1.34417,1.344125,639,2s
2026-03-11T02:15:26.408Z,CS.D.EURUSD.MINI.IP,1.16228,1.16237,1.162325,956,2s
2026-03-11T02:15:26.716Z,CS.D.EURUSD.MINI.IP,1.16228,1.16237,1.162325,226,2s
2026-03-11T02:15:27.019Z,CS.D.EURUSD.MINI.IP,1.16228,1.16237,1.162325,855,2s
2026-03-11T02:15:27.032Z,CS.D.GBPUSD.MINI.IP,1.34409,1.34418,1.344135,1076,2s
2026-03-11T02:15:27.308Z,CS.D.GBPUSD.MINI.IP,1.34409,1.34418,1.344135,649,2s
2026-03-11T02:15:27.357Z,CS.D.GBPUSD.MINI.IP,1.34409,1.34418,1.344135,494,2s
2026-03-11T02:15:29.436Z,CS.D.EURUSD.MINI.IP,1.16227,1.16236,1.162315,867,2s
2026-03-11T02:15:29.732Z,CS.D.EURUSD.MINI.IP,1.16228,1.16237,1.162325,392,2s
2026-03-11T02:15:29.779Z,CS.D.GBPUSD.MINI.IP,1.34411,1.3442,1.344155,357,2s
2026-03-11T02:15:29.936Z,CS.D.EURUSD.MINI.IP,1.16228,1.16237,1.162325,1049,2s
2026-03-11T02:15:30.051Z,CS.D.GBPUSD.MINI.IP,1.34411,1.3442,1.344155,389,2s
2026-03-11T02:15:30.277Z,CS.D.GBPUSD.MINI.IP,1.34411,1.3442,1.344155,393,2s
2026-03-11T02:15:32.525Z,CS.D.EURUSD.MINI.IP,1.16229,1.16238,1.1623350000000001,749,2s
2026-03-11T02:15:32.772Z,CS.D.EURUSD.MINI.IP,1.16229,1.16238,1.1623350000000001,553,2s
2026-03-11T02:15:32.881Z,CS.D.GBPUSD.MINI.IP,1.34411,1.3442,1.344155,632,2s
2026-03-11T02:15:33.058Z,CS.D.EURUSD.MINI.IP,1.16229,1.16238,1.1623350000000001,537,2s
2026-03-11T02:16:20.817Z,CS.D.EURUSD.MINI.IP,1.16255,1.16264,1.162595,301,2s
2026-03-11T02:16:20.867Z,CS.D.GBPUSD.MINI.IP,1.34447,1.34456,1.344515,582,2s
2026-03-11T02:16:21.160Z,CS.D.GBPUSD.MINI.IP,1.34447,1.34456,1.344515,852,2s
2026-03-11T02:16:21.215Z,CS.D.EURUSD.MINI.IP,1.16255,1.16264,1.162595,850,2s
2026-03-11T02:16:21.557Z,CS.D.GBPUSD.MINI.IP,1.34446,1.34455,1.3445049999999998,122,2s
2026-03-11T02:16:23.551Z,CS.D.EURUSD.MINI.IP,1.16254,1.16263,1.162585,196,2s
2026-03-11T02:16:23.829Z,CS.D.EURUSD.MINI.IP,1.16254,1.16263,1.162585,644,2s
2026-03-11T02:16:23.930Z,CS.D.GBPUSD.MINI.IP,1.34447,1.34456,1.344515,564,2s
2026-03-11T02:16:24.124Z,CS.D.EURUSD.MINI.IP,1.16254,1.16263,1.162585,891,2s
2026-03-11T02:16:24.147Z,CS.D.GBPUSD.MINI.IP,1.34447,1.34456,1.344515,764,2s
2026-03-11T02:16:24.530Z,CS.D.GBPUSD.MINI.IP,1.34447,1.34456,1.344515,837,2s
2026-03-11T02:16:26.547Z,CS.D.EURUSD.MINI.IP,1.16253,1.16262,1.162575,354,2s
2026-03-11T02:16:26.814Z,CS.D.EURUSD.MINI.IP,1.16253,1.16262,1.162575,817,2s
2026-03-11T02:16:26.878Z,CS.D.GBPUSD.MINI.IP,1.34446,1.34455,1.3445049999999998,892,2s
2026-03-11T02:16:27.164Z,CS.D.GBPUSD.MINI.IP,1.34446,1.34455,1.3445049999999998,216,2s
2026-03-11T02:16:27.258Z,CS.D.EURUSD.MINI.IP,1.16253,1.16262,1.162575,990,2s
2026-03-11T02:16:27.650Z,CS.D.GBPUSD.MINI.IP,1.34446,1.34455,1.3445049999999998,426,2s
2026-03-11T02:16:29.558Z,CS.D.EURUSD.MINI.IP,1.16255,1.16264,1.162595,743,2s
2026-03-11T02:16:29.858Z,CS.D.EURUSD.MINI.IP,1.16255,1.16264,1.162595,402,2s
2026-03-11T02:16:29.900Z,CS.D.GBPUSD.MINI.IP,1.34447,1.34456,1.344515,736,2s
2026-03-11T02:16:30.200Z,CS.D.GBPUSD.MINI.IP,1.34447,1.34456,1.344515,833,2s
2026-03-11T02:16:30.457Z,CS.D.EURUSD.MINI.IP,1.16255,1.16264,1.162595,411,2s
2026-03-11T02:16:30.767Z,CS.D.GBPUSD.MINI.IP,1.34447,1.34456,1.344515,281,2s
2026-03-11T02:16:32.586Z,CS.D.EURUSD.MINI.IP,1.16253,1.16262,1.162575,703,2s
2026-03-11T02:16:32.933Z,CS.D.EURUSD.MINI.IP,1.16253,1.16262,1.162575,736,2s
2026-03-11T02:16:32.935Z,CS.D.GBPUSD.MINI.IP,1.34447,1.34456,1.344515,735,2s
2026-03-11T02:17:21.037Z,CS.D.GBPUSD.MINI.IP,1.34431,1.3444,1.344355,894,2s
2026-03-11T02:17:21.075Z,CS.D.EURUSD.MINI.IP,1.16245,1.16254,1.1624949999999998,870,2s
2026-03-11T02:17:21.251Z,CS.D.EURUSD.MINI.IP,1.16245,1.16254,1.1624949999999998,218,2s
2026-03-11T02:17:21.398Z,CS.D.GBPUSD.MINI.IP,1.34432,1.34441,1.344365,819,2s
2026-03-11T02:17:21.593Z,CS.D.GBPUSD.MINI.IP,1.34432,1.34441,1.344365,585,2s
2026-03-11T02:17:23.751Z,CS.D.EURUSD.MINI.IP,1.16245,1.16254,1.1624949999999998,951,2s
2026-03-11T02:17:24.053Z,CS.D.EURUSD.MINI.IP,1.16245,1.16254,1.1624949999999998,1037,2s
2026-03-11T02:17:24.091Z,CS.D.GBPUSD.MINI.IP,1.34431,1.3444,1.344355,251,2s
2026-03-11T02:17:24.242Z,CS.D.EURUSD.MINI.IP,1.16241,1.1625,1.162455,175,2s
2026-03-11T02:17:24.393Z,CS.D.GBPUSD.MINI.IP,1.3443,1.34439,1.3443450000000001,696,2s
2026-03-11T02:17:24.592Z,CS.D.GBPUSD.MINI.IP,1.3443,1.34439,1.3443450000000001,379,2s
2026-03-11T02:17:26.821Z,CS.D.EURUSD.MINI.IP,1.16243,1.16252,1.1624750000000001,753,2s
2026-03-11T02:17:27.011Z,CS.D.EURUSD.MINI.IP,1.16243,1.16252,1.1624750000000001,335,2s
2026-03-11T02:17:27.177Z,CS.D.GBPUSD.MINI.IP,1.34429,1.34438,1.344335,825,2s
2026-03-11T02:17:27.263Z,CS.D.EURUSD.MINI.IP,1.16243,1.16252,1.1624750000000001,436,2s
2026-03-11T02:17:27.346Z,CS.D.GBPUSD.MINI.IP,1.34429,1.34438,1.344335,397,2s
2026-03-11T02:17:27.612Z,CS.D.GBPUSD.MINI.IP,1.34429,1.34438,1.344335,458,2s
2026-03-11T02:17:29.779Z,CS.D.EURUSD.MINI.IP,1.16242,1.16251,1.162465,390,2s
2026-03-11T02:17:30.003Z,CS.D.EURUSD.MINI.IP,1.16242,1.16251,1.162465,244,2s
2026-03-11T02:17:30.205Z,CS.D.GBPUSD.MINI.IP,1.34429,1.34438,1.344335,666,2s
2026-03-11T02:17:30.375Z,CS.D.EURUSD.MINI.IP,1.16242,1.16251,1.162465,494,2s
2026-03-11T02:17:30.407Z,CS.D.GBPUSD.MINI.IP,1.34429,1.34438,1.344335,306,2s
2026-03-11T02:17:30.703Z,CS.D.GBPUSD.MINI.IP,1.34429,1.34438,1.344335,218,2s
2026-03-11T02:17:32.801Z,CS.D.EURUSD.MINI.IP,1.16244,1.16253,1.162485,786,2s
2026-03-11T02:17:33.042Z,CS.D.EURUSD.MINI.IP,1.16246,1.16255,1.162505,335,2s
2026-03-11T02:17:33.167Z,CS.D.GBPUSD.MINI.IP,1.34429,1.34438,1.344335,934,2s
2026-03-11T02:17:33.268Z,CS.D.EURUSD.MINI.IP,1.16248,1.16257,1.162525,372,2s
2026-03-11T02:17:33.410Z,CS.D.GBPUSD.MINI.IP,1.34429,1.34438,1.344335,703,2s
2026-03-11T02:18:21.188Z,CS.D.EURUSD.MINI.IP,1.16249,1.16258,1.162535,891,2s
2026-03-11T02:18:21.231Z,CS.D.GBPUSD.MINI.IP,1.34439,1.34448,1.3444349999999998,740,2s
2026-03-11T02:18:21.489Z,CS.D.EURUSD.MINI.IP,1.16249,1.16258,1.162535,260,2s
2026-03-11T02:18:21.497Z,CS.D.GBPUSD.MINI.IP,1.34439,1.34448,1.3444349999999998,971,2s
2026-03-11T02:18:21.810Z,CS.D.GBPUSD.MINI.IP,1.34439,1.34448,1.3444349999999998,833,2s
2026-03-11T02:18:23.902Z,CS.D.EURUSD.MINI.IP,1.16249,1.16258,1.162535,1020,2s
2026-03-11T02:18:24.153Z,CS.D.EURUSD.MINI.IP,1.16251,1.1626,1.162555,224,2s
2026-03-11T02:18:24.213Z,CS.D.GBPUSD.MINI.IP,1.34439,1.34448,1.3444349999999998,581,2s
2026-03-11T02:18:24.414Z,CS.D.EURUSD.MINI.IP,1.16251,1.1626,1.162555,273,2s
2026-03-11T02:18:24.485Z,CS.D.GBPUSD.MINI.IP,1.34439,1.34448,1.3444349999999998,985,2s
2026-03-11T02:18:24.765Z,CS.D.GBPUSD.MINI.IP,1.34439,1.34448,1.3444349999999998,842,2s
2026-03-11T02:18:26.907Z,CS.D.EURUSD.MINI.IP,1.16252,1.16261,1.1625649999999998,902,2s
2026-03-11T02:18:27.296Z,CS.D.GBPUSD.MINI.IP,1.34439,1.34448,1.3444349999999998,907,2s
2026-03-11T02:18:27.298Z,CS.D.EURUSD.MINI.IP,1.16251,1.1626,1.162555,187,2s
2026-03-11T02:18:27.494Z,CS.D.EURUSD.MINI.IP,1.16251,1.1626,1.162555,135,2s
2026-03-11T02:18:27.623Z,CS.D.GBPUSD.MINI.IP,1.34439,1.34448,1.3444349999999998,527,2s
2026-03-11T02:18:27.837Z,CS.D.GBPUSD.MINI.IP,1.34439,1.34448,1.3444349999999998,863,2s
2026-03-11T02:18:29.919Z,CS.D.EURUSD.MINI.IP,1.16249,1.16258,1.162535,753,2s
2026-03-11T02:18:30.188Z,CS.D.EURUSD.MINI.IP,1.16249,1.16258,1.162535,805,2s
2026-03-11T02:18:30.248Z,CS.D.GBPUSD.MINI.IP,1.34439,1.34448,1.3444349999999998,489,2s
2026-03-11T02:18:30.418Z,CS.D.EURUSD.MINI.IP,1.16249,1.16258,1.162535,455,2s
2026-03-11T02:18:30.517Z,CS.D.GBPUSD.MINI.IP,1.34439,1.34448,1.3444349999999998,264,2s
2026-03-11T02:18:30.755Z,CS.D.GBPUSD.MINI.IP,1.34439,1.34448,1.3444349999999998,611,2s
2026-03-11T02:18:32.909Z,CS.D.EURUSD.MINI.IP,1.16249,1.16258,1.162535,853,2s
2026-03-11T02:18:33.328Z,CS.D.GBPUSD.MINI.IP,1.34439,1.34448,1.3444349999999998,331,2s
2026-03-11T02:18:33.407Z,CS.D.EURUSD.MINI.IP,1.16249,1.16258,1.162535,991,2s
2026-03-11T02:18:33.552Z,CS.D.EURUSD.MINI.IP,1.16248,1.16257,1.162525,365,2s
2026-03-11T02:18:33.773Z,CS.D.GBPUSD.MINI.IP,1.34439,1.34448,1.3444349999999998,470,2s
2026-03-11T02:19:21.410Z,CS.D.GBPUSD.MINI.IP,1.34447,1.34456,1.344515,788,2s
2026-03-11T02:19:21.451Z,CS.D.EURUSD.MINI.IP,1.16249,1.16258,1.162535,150,2s
2026-03-11T02:19:21.643Z,CS.D.EURUSD.MINI.IP,1.16249,1.16258,1.162535,741,2s
2026-03-11T02:19:21.812Z,CS.D.GBPUSD.MINI.IP,1.34447,1.34456,1.344515,335,2s
2026-03-11T02:19:22.016Z,CS.D.GBPUSD.MINI.IP,1.34447,1.34456,1.344515,1025,2s
2026-03-11T02:19:24.089Z,CS.D.EURUSD.MINI.IP,1.16249,1.16258,1.162535,302,2s
2026-03-11T02:19:24.373Z,CS.D.EURUSD.MINI.IP,1.16249,1.16258,1.162535,1036,2s
2026-03-11T02:19:24.414Z,CS.D.GBPUSD.MINI.IP,1.34447,1.34456,1.344515,974,2s
2026-03-11T02:19:24.558Z,CS.D.EURUSD.MINI.IP,1.16249,1.16258,1.162535,174,2s
2026-03-11T02:19:24.711Z,CS.D.GBPUSD.MINI.IP,1.34448,1.34457,1.344525,547,2s
2026-03-11T02:19:24.898Z,CS.D.GBPUSD.MINI.IP,1.34448,1.34457,1.344525,971,2s
2026-03-11T02:19:27.170Z,CS.D.EURUSD.MINI.IP,1.1625,1.16259,1.1625450000000002,644,2s
2026-03-11T02:19:27.486Z,CS.D.EURUSD.MINI.IP,1.1625,1.16259,1.1625450000000002,719,2s
2026-03-11T02:19:27.512Z,CS.D.GBPUSD.MINI.IP,1.34448,1.34457,1.344525,291,2s
2026-03-11T02:19:27.632Z,CS.D.EURUSD.MINI.IP,1.1625,1.16259,1.1625450000000002,114,2s
2026-03-11T02:19:27.813Z,CS.D.GBPUSD.MINI.IP,1.34448,1.34457,1.344525,177,2s
2026-03-11T02:19:27.962Z,CS.D.GBPUSD.MINI.IP,1.34448,1.34457,1.344525,226,2s
2026-03-11T02:19:30.105Z,CS.D.EURUSD.MINI.IP,1.1625,1.16259,1.1625450000000002,210,2s
2026-03-11T02:19:30.409Z,CS.D.EURUSD.MINI.IP,1.1625,1.16259,1.1625450000000002,1090,2s
2026-03-11T02:19:30.427Z,CS.D.GBPUSD.MINI.IP,1.34444,1.34453,1.3444850000000002,667,2s
2026-03-11T02:19:30.577Z,CS.D.EURUSD.MINI.IP,1.1625,1.16259,1.1625450000000002,104,2s
2026-03-11T02:19:30.731Z,CS.D.GBPUSD.MINI.IP,1.34444,1.34453,1.3444850000000002,890,2s
2026-03-11T02:19:30.913Z,CS.D.GBPUSD.MINI.IP,1.34444,1.34453,1.3444850000000002,240,2s
2026-03-11T02:19:33.117Z,CS.D.EURUSD.MINI.IP,1.16253,1.16262,1.162575,784,2s
2026-03-11T02:19:33.461Z,CS.D.GBPUSD.MINI.IP,1.34446,1.34455,1.3445049999999998,933,2s
2026-03-11T02:19:33.507Z,CS.D.EURUSD.MINI.IP,1.16253,1.16262,1.162575,434,2s
2026-03-11T02:19:33.671Z,CS.D.EURUSD.MINI.IP,1.16253,1.16262,1.162575,455,2s
2026-03-11T02:20:21.634Z,CS.D.GBPUSD.MINI.IP,1.34461,1.3447,1.344655,459,2s
2026-03-11T02:20:21.662Z,CS.D.EURUSD.MINI.IP,1.16265,1.16271,1.16268,926,2s
2026-03-11T02:20:21.831Z,CS.D.EURUSD.MINI.IP,1.16265,1.16271,1.16268,404,2s
2026-03-11T02:20:22.029Z,CS.D.GBPUSD.MINI.IP,1.34461,1.3447,1.344655,312,2s
2026-03-11T02:20:22.155Z,CS.D.GBPUSD.MINI.IP,1.34461,1.3447,1.344655,765,2s
2026-03-11T02:20:24.293Z,CS.D.EURUSD.MINI.IP,1.16265,1.16271,1.16268,595,2s
2026-03-11T02:20:24.578Z,CS.D.EURUSD.MINI.IP,1.16265,1.16271,1.16268,905,2s
2026-03-11T02:20:24.645Z,CS.D.GBPUSD.MINI.IP,1.3446,1.34469,1.3446449999999999,729,2s
2026-03-11T02:20:24.754Z,CS.D.EURUSD.MINI.IP,1.16265,1.16271,1.16268,728,2s
2026-03-11T02:20:24.912Z,CS.D.GBPUSD.MINI.IP,1.34461,1.3447,1.344655,694,2s
2026-03-11T02:20:25.092Z,CS.D.GBPUSD.MINI.IP,1.34461,1.3447,1.344655,869,2s
2026-03-11T02:20:27.310Z,CS.D.EURUSD.MINI.IP,1.16263,1.16269,1.16266,393,2s
2026-03-11T02:20:27.647Z,CS.D.GBPUSD.MINI.IP,1.3446,1.34469,1.3446449999999999,328,2s
2026-03-11T02:20:27.649Z,CS.D.EURUSD.MINI.IP,1.16262,1.16268,1.16265,650,2s
2026-03-11T02:20:27.842Z,CS.D.EURUSD.MINI.IP,1.16262,1.16268,1.16265,487,2s
2026-03-11T02:20:27.996Z,CS.D.GBPUSD.MINI.IP,1.3446,1.34469,1.3446449999999999,312,2s
2026-03-11T02:20:28.174Z,CS.D.GBPUSD.MINI.IP,1.34461,1.3447,1.344655,301,2s
2026-03-11T02:20:30.386Z,CS.D.EURUSD.MINI.IP,1.1626,1.16266,1.16263,560,2s
2026-03-11T02:20:30.731Z,CS.D.GBPUSD.MINI.IP,1.3446,1.34469,1.3446449999999999,154,2s
2026-03-11T02:20:30.946Z,CS.D.EURUSD.MINI.IP,1.1626,1.16266,1.16263,728,2s
2026-03-11T02:20:31.120Z,CS.D.EURUSD.MINI.IP,1.1626,1.16266,1.16263,939,2s
2026-03-11T02:20:31.279Z,CS.D.GBPUSD.MINI.IP,1.3446,1.34469,1.3446449999999999,108,2s
2026-03-11T02:20:31.476Z,CS.D.GBPUSD.MINI.IP,1.3446,1.34469,1.3446449999999999,1057,2s
2026-03-11T02:20:33.343Z,CS.D.EURUSD.MINI.IP,1.1626,1.16266,1.16263,1069,2s
2026-03-11T02:20:33.632Z,CS.D.EURUSD.MINI.IP,1.1626,1.16266,1.16263,383,2s
2026-03-11T02:21:21.648Z,CS.D.EURUSD.MINI.IP,1.16257,1.16266,1.1626150000000002,381,2s
2026-03-11T02:21:21.766Z,CS.D.GBPUSD.MINI.IP,1.3446,1.34469,1.3446449999999999,508,2s
2026-03-11T02:21:21.885Z,CS.D.EURUSD.MINI.IP,1.16257,1.16266,1.1626150000000002,634,2s
2026-03-11T02:21:21.973Z,CS.D.GBPUSD.MINI.IP,1.3446,1.34469,1.3446449999999999,229,2s
2026-03-11T02:21:22.221Z,CS.D.GBPUSD.MINI.IP,1.34459,1.34468,1.344635,217,2s
2026-03-11T02:21:24.457Z,CS.D.EURUSD.MINI.IP,1.16258,1.16267,1.162625,958,2s
2026-03-11T02:21:24.656Z,CS.D.EURUSD.MINI.IP,1.16258,1.16267,1.162625,582,2s
2026-03-11T02:21:24.791Z,CS.D.GBPUSD.MINI.IP,1.34459,1.34468,1.344635,705,2s
2026-03-11T02:21:24.904Z,CS.D.EURUSD.MINI.IP,1.16258,1.16267,1.162625,283,2s
2026-03-11T02:21:25.000Z,CS.D.GBPUSD.MINI.IP,1.34459,1.34468,1.344635,434,2s
2026-03-11T02:21:25.259Z,CS.D.GBPUSD.MINI.IP,1.34459,1.34468,1.344635,138,2s
2026-03-11T02:21:27.444Z,CS.D.EURUSD.MINI.IP,1.16258,1.16267,1.162625,277,2s
2026-03-11T02:21:27.661Z,CS.D.EURUSD.MINI.IP,1.16259,1.16268,1.1626349999999999,232,2s
2026-03-11T02:21:27.785Z,CS.D.GBPUSD.MINI.IP,1.34459,1.34468,1.344635,853,2s
2026-03-11T02:21:27.990Z,CS.D.EURUSD.MINI.IP,1.16259,1.16268,1.1626349999999999,751,2s
2026-03-11T02:21:27.992Z,CS.D.GBPUSD.MINI.IP,1.3446,1.34469,1.3446449999999999,135,2s
2026-03-11T02:21:28.317Z,CS.D.GBPUSD.MINI.IP,1.3446,1.34469,1.3446449999999999,498,2s
2026-03-11T02:21:30.469Z,CS.D.EURUSD.MINI.IP,1.1626,1.16269,1.162645,873,2s
2026-03-11T02:21:30.711Z,CS.D.EURUSD.MINI.IP,1.1626,1.16269,1.162645,580,2s
2026-03-11T02:21:30.805Z,CS.D.GBPUSD.MINI.IP,1.34462,1.34471,1.344665,934,2s
2026-03-11T02:21:30.943Z,CS.D.EURUSD.MINI.IP,1.1626,1.16269,1.162645,266,2s
2026-03-11T02:21:31.032Z,CS.D.GBPUSD.MINI.IP,1.34462,1.34471,1.344665,112,2s
2026-03-11T02:21:31.266Z,CS.D.GBPUSD.MINI.IP,1.34462,1.34471,1.344665,298,2s
2026-03-11T02:21:33.527Z,CS.D.EURUSD.MINI.IP,1.1626,1.16269,1.162645,847,2s
2026-03-11T02:21:33.755Z,CS.D.EURUSD.MINI.IP,1.1626,1.16269,1.162645,179,2s
2026-03-11T02:21:33.880Z,CS.D.GBPUSD.MINI.IP,1.34462,1.34471,1.344665,756,2s
2026-03-11T02:21:34.002Z,CS.D.EURUSD.MINI.IP,1.1626,1.16269,1.162645,749,2s
2026-03-11T02:21:34.081Z,CS.D.GBPUSD.MINI.IP,1.34462,1.34471,1.344665,668,2s
2026-03-11T02:22:22.000Z,CS.D.GBPUSD.MINI.IP,1.34454,1.34463,1.344585,601,2s
2026-03-11T02:22:22.002Z,CS.D.EURUSD.MINI.IP,1.16263,1.16269,1.16266,1066,2s
2026-03-11T02:22:22.022Z,CS.D.EURUSD.MINI.IP,1.16263,1.16269,1.16266,484,2s
2026-03-11T02:22:22.348Z,CS.D.GBPUSD.MINI.IP,1.34454,1.34463,1.344585,758,2s
2026-03-11T02:22:22.350Z,CS.D.GBPUSD.MINI.IP,1.34454,1.34463,1.344585,101,2s
2026-03-11T02:22:24.610Z,CS.D.EURUSD.MINI.IP,1.16264,1.1627,1.1626699999999999,388,2s
2026-03-11T02:22:24.832Z,CS.D.EURUSD.MINI.IP,1.16266,1.16272,1.16269,276,2s
2026-03-11T02:22:24.964Z,CS.D.GBPUSD.MINI.IP,1.34457,1.34466,1.3446150000000001,665,2s
2026-03-11T02:22:25.030Z,CS.D.EURUSD.MINI.IP,1.16266,1.16272,1.16269,133,2s
2026-03-11T02:22:25.168Z,CS.D.GBPUSD.MINI.IP,1.34457,1.34466,1.3446150000000001,199,2s
2026-03-11T02:22:25.382Z,CS.D.GBPUSD.MINI.IP,1.34457,1.34466,1.3446150000000001,930,2s
2026-03-11T02:22:27.612Z,CS.D.EURUSD.MINI.IP,1.16268,1.16274,1.1627100000000001,1069,2s
2026-03-11T02:22:27.932Z,CS.D.GBPUSD.MINI.IP,1.3446,1.34469,1.3446449999999999,1021,2s
2026-03-11T02:22:27.965Z,CS.D.EURUSD.MINI.IP,1.16268,1.16274,1.1627100000000001,1017,2s
2026-03-11T02:22:28.024Z,CS.D.EURUSD.MINI.IP,1.16268,1.16274,1.1627100000000001,450,2s
2026-03-11T02:22:28.291Z,CS.D.GBPUSD.MINI.IP,1.3446,1.34469,1.3446449999999999,477,2s
2026-03-11T02:22:28.357Z,CS.D.GBPUSD.MINI.IP,1.3446,1.34469,1.3446449999999999,330,2s
2026-03-11T02:22:30.616Z,CS.D.EURUSD.MINI.IP,1.16269,1.16275,1.16272,446,2s
2026-03-11T02:22:30.847Z,CS.D.EURUSD.MINI.IP,1.16269,1.16275,1.16272,896,2s
2026-03-11T02:22:30.973Z,CS.D.GBPUSD.MINI.IP,1.3446,1.34469,1.3446449999999999,109,2s
2026-03-11T02:22:31.045Z,CS.D.EURUSD.MINI.IP,1.16269,1.16275,1.16272,895,2s
2026-03-11T02:22:31.204Z,CS.D.GBPUSD.MINI.IP,1.3446,1.34469,1.3446449999999999,185,2s
2026-03-11T02:22:31.372Z,CS.D.GBPUSD.MINI.IP,1.3446,1.34469,1.3446449999999999,202,2s
2026-03-11T02:22:33.638Z,CS.D.EURUSD.MINI.IP,1.16269,1.16275,1.16272,459,2s
2026-03-11T02:22:33.934Z,CS.D.EURUSD.MINI.IP,1.16269,1.16275,1.16272,612,2s
2026-03-11T02:22:33.965Z,CS.D.GBPUSD.MINI.IP,1.34459,1.34468,1.344635,1009,2s
2026-03-11T02:22:34.032Z,CS.D.EURUSD.MINI.IP,1.16269,1.16275,1.16272,262,2s
2026-03-11T02:22:34.253Z,CS.D.GBPUSD.MINI.IP,1.34459,1.34468,1.344635,824,2s
2026-03-11T02:23:22.032Z,CS.D.EURUSD.MINI.IP,1.16239,1.16248,1.1624349999999999,253,2s
2026-03-11T02:23:22.126Z,CS.D.GBPUSD.MINI.IP,1.34432,1.34441,1.344365,670,2s
2026-03-11T02:23:22.282Z,CS.D.EURUSD.MINI.IP,1.16239,1.16248,1.1624349999999999,527,2s
2026-03-11T02:23:22.395Z,CS.D.GBPUSD.MINI.IP,1.34432,1.34441,1.344365,357,2s
2026-03-11T02:23:22.613Z,CS.D.GBPUSD.MINI.IP,1.34433,1.34442,1.3443749999999999,813,2s
2026-03-11T02:23:24.800Z,CS.D.EURUSD.MINI.IP,1.16239,1.16248,1.1624349999999999,543,2s
2026-03-11T02:23:25.025Z,CS.D.EURUSD.MINI.IP,1.16239,1.16248,1.1624349999999999,1006,2s
2026-03-11T02:23:25.108Z,CS.D.EURUSD.MINI.IP,1.16239,1.16248,1.1624349999999999,432,2s
2026-03-11T02:23:25.125Z,CS.D.GBPUSD.MINI.IP,1.34433,1.34442,1.3443749999999999,200,2s
2026-03-11T02:23:25.353Z,CS.D.GBPUSD.MINI.IP,1.34433,1.34442,1.3443749999999999,997,2s
2026-03-11T02:23:25.439Z,CS.D.GBPUSD.MINI.IP,1.34433,1.34442,1.3443749999999999,285,2s
2026-03-11T02:23:27.790Z,CS.D.EURUSD.MINI.IP,1.16239,1.16248,1.1624349999999999,502,2s
2026-03-11T02:23:28.020Z,CS.D.EURUSD.MINI.IP,1.16239,1.16248,1.1624349999999999,315,2s
2026-03-11T02:23:28.120Z,CS.D.GBPUSD.MINI.IP,1.34432,1.34441,1.344365,466,2s
2026-03-11T02:23:28.213Z,CS.D.EURUSD.MINI.IP,1.16239,1.16248,1.1624349999999999,381,2s
2026-03-11T02:23:28.343Z,CS.D.GBPUSD.MINI.IP,1.34431,1.3444,1.344355,676,2s
2026-03-11T02:23:28.614Z,CS.D.GBPUSD.MINI.IP,1.34431,1.3444,1.344355,736,2s
2026-03-11T02:23:30.896Z,CS.D.EURUSD.MINI.IP,1.16238,1.16247,1.1624249999999998,950,2s
2026-03-11T02:23:31.074Z,CS.D.EURUSD.MINI.IP,1.16238,1.16247,1.1624249999999998,772,2s
2026-03-11T02:23:31.156Z,CS.D.EURUSD.MINI.IP,1.16238,1.16247,1.1624249999999998,233,2s
2026-03-11T02:23:31.224Z,CS.D.GBPUSD.MINI.IP,1.34431,1.3444,1.344355,699,2s
2026-03-11T02:23:31.394Z,CS.D.GBPUSD.MINI.IP,1.34431,1.3444,1.344355,594,2s
2026-03-11T02:23:31.491Z,CS.D.GBPUSD.MINI.IP,1.34431,1.3444,1.344355,948,2s
2026-03-11T02:23:33.803Z,CS.D.EURUSD.MINI.IP,1.16235,1.16244,1.162395,424,2s
2026-03-11T02:23:34.089Z,CS.D.EURUSD.MINI.IP,1.16235,1.16244,1.162395,279,2s
2026-03-11T02:23:34.143Z,CS.D.GBPUSD.MINI.IP,1.3443,1.34439,1.3443450000000001,731,2s
2026-03-11T02:23:34.156Z,CS.D.EURUSD.MINI.IP,1.16235,1.16244,1.162395,262,2s
2026-03-11T02:23:34.423Z,CS.D.GBPUSD.MINI.IP,1.3443,1.34439,1.3443450000000001,1030,2s
2026-03-11T02:24:22.220Z,CS.D.EURUSD.MINI.IP,1.16238,1.16247,1.1624249999999998,239,2s
2026-03-11T02:24:22.264Z,CS.D.GBPUSD.MINI.IP,1.34421,1.3443,1.344255,853,2s
2026-03-11T02:24:22.360Z,CS.D.EURUSD.MINI.IP,1.16238,1.16247,1.1624249999999998,946,2s
2026-03-11T02:24:22.574Z,CS.D.GBPUSD.MINI.IP,1.34424,1.34433,1.3442850000000002,687,2s
2026-03-11T02:24:22.692Z,CS.D.GBPUSD.MINI.IP,1.34424,1.34433,1.3442850000000002,535,2s
2026-03-11T02:24:24.923Z,CS.D.EURUSD.MINI.IP,1.16241,1.1625,1.162455,973,2s
2026-03-11T02:24:25.233Z,CS.D.EURUSD.MINI.IP,1.16241,1.1625,1.162455,1085,2s
2026-03-11T02:24:25.262Z,CS.D.GBPUSD.MINI.IP,1.34424,1.34433,1.3442850000000002,301,2s
2026-03-11T02:24:25.345Z,CS.D.EURUSD.MINI.IP,1.16241,1.1625,1.162455,763,2s
2026-03-11T02:24:25.566Z,CS.D.GBPUSD.MINI.IP,1.34423,1.34432,1.344275,976,2s
2026-03-11T02:24:25.681Z,CS.D.GBPUSD.MINI.IP,1.34423,1.34432,1.344275,336,2s
2026-03-11T02:24:27.926Z,CS.D.EURUSD.MINI.IP,1.1624,1.16249,1.162445,711,2s
2026-03-11T02:24:28.224Z,CS.D.EURUSD.MINI.IP,1.1624,1.16249,1.162445,586,2s
2026-03-11T02:24:28.253Z,CS.D.GBPUSD.MINI.IP,1.34426,1.34435,1.3443049999999999,694,2s
2026-03-11T02:24:28.504Z,CS.D.EURUSD.MINI.IP,1.1624,1.16249,1.162445,534,2s
2026-03-11T02:24:28.560Z,CS.D.GBPUSD.MINI.IP,1.34426,1.34435,1.3443049999999999,1065,2s
2026-03-11T02:24:28.828Z,CS.D.GBPUSD.MINI.IP,1.34426,1.34435,1.3443049999999999,893,2s
2026-03-11T02:24:30.983Z,CS.D.EURUSD.MINI.IP,1.16239,1.16248,1.1624349999999999,570,2s
2026-03-11T02:24:31.331Z,CS.D.GBPUSD.MINI.IP,1.34426,1.34435,1.3443049999999999,905,2s
2026-03-11T02:24:31.610Z,CS.D.EURUSD.MINI.IP,1.16239,1.16248,1.1624349999999999,406,2s
2026-03-11T02:24:31.749Z,CS.D.EURUSD.MINI.IP,1.16239,1.16248,1.1624349999999999,567,2s
2026-03-11T02:24:31.946Z,CS.D.GBPUSD.MINI.IP,1.34427,1.34436,1.344315,285,2s
2026-03-11T02:24:32.073Z,CS.D.GBPUSD.MINI.IP,1.34426,1.34435,1.3443049999999999,963,2s
2026-03-11T02:24:34.040Z,CS.D.EURUSD.MINI.IP,1.16236,1.16245,1.1624050000000001,126,2s
2026-03-11T02:24:34.424Z,CS.D.EURUSD.MINI.IP,1.16236,1.16245,1.1624050000000001,939,2s
2026-03-11T02:25:22.458Z,CS.D.EURUSD.MINI.IP,1.16228,1.16234,1.16231,730,2s
2026-03-11T02:25:22.460Z,CS.D.GBPUSD.MINI.IP,1.34422,1.34431,1.344265,726,2s
2026-03-11T02:25:22.543Z,CS.D.EURUSD.MINI.IP,1.16228,1.16234,1.16231,916,2s
2026-03-11T02:25:22.839Z,CS.D.GBPUSD.MINI.IP,1.34422,1.34431,1.344265,422,2s
2026-03-11T02:25:22.867Z,CS.D.GBPUSD.MINI.IP,1.34422,1.34431,1.344265,707,2s
2026-03-11T02:25:25.132Z,CS.D.EURUSD.MINI.IP,1.16228,1.16234,1.16231,364,2s
2026-03-11T02:25:25.374Z,CS.D.EURUSD.MINI.IP,1.16229,1.16235,1.16232,935,2s
2026-03-11T02:25:25.483Z,CS.D.GBPUSD.MINI.IP,1.34423,1.34432,1.344275,312,2s
2026-03-11T02:25:25.536Z,CS.D.EURUSD.MINI.IP,1.16229,1.16235,1.16232,663,2s
2026-03-11T02:25:25.711Z,CS.D.GBPUSD.MINI.IP,1.34423,1.34432,1.344275,351,2s
2026-03-11T02:25:25.870Z,CS.D.GBPUSD.MINI.IP,1.34424,1.34433,1.3442850000000002,956,2s
2026-03-11T02:25:28.139Z,CS.D.EURUSD.MINI.IP,1.16228,1.16234,1.16231,473,2s
2026-03-11T02:25:28.473Z,CS.D.EURUSD.MINI.IP,1.16228,1.16234,1.16231,784,2s
2026-03-11T02:25:28.477Z,CS.D.GBPUSD.MINI.IP,1.34424,1.34433,1.3442850000000002,354,2s
2026-03-11T02:25:28.569Z,CS.D.EURUSD.MINI.IP,1.1623,1.16236,1.16233,722,2s
2026-03-11T02:25:28.808Z,CS.D.GBPUSD.MINI.IP,1.34424,1.34433,1.3442850000000002,850,2s
2026-03-11T02:25:28.908Z,CS.D.GBPUSD.MINI.IP,1.34424,1.34433,1.3442850000000002,1027,2s
2026-03-11T02:25:31.149Z,CS.D.EURUSD.MINI.IP,1.16231,1.16237,1.16234,1092,2s
2026-03-11T02:25:31.374Z,CS.D.EURUSD.MINI.IP,1.16231,1.16237,1.16234,487,2s
2026-03-11T02:25:31.482Z,CS.D.GBPUSD.MINI.IP,1.34428,1.34437,1.344325,268,2s
2026-03-11T02:25:31.557Z,CS.D.EURUSD.MINI.IP,1.16231,1.16237,1.16234,857,2s
2026-03-11T02:25:31.718Z,CS.D.GBPUSD.MINI.IP,1.34428,1.34437,1.344325,979,2s
2026-03-11T02:25:32.038Z,CS.D.GBPUSD.MINI.IP,1.34428,1.34437,1.344325,701,2s
2026-03-11T02:25:34.183Z,CS.D.EURUSD.MINI.IP,1.1623,1.16236,1.16233,627,2s
2026-03-11T02:25:34.494Z,CS.D.EURUSD.MINI.IP,1.1623,1.16236,1.16233,798,2s
2026-03-11T02:25:34.520Z,CS.D.GBPUSD.MINI.IP,1.34429,1.34438,1.344335,991,2s
2026-03-11T02:25:34.575Z,CS.D.EURUSD.MINI.IP,1.1623,1.16236,1.16233,248,2s
2026-03-11T02:25:34.817Z,CS.D.GBPUSD.MINI.IP,1.34429,1.34438,1.344335,1013,2s
2026-03-11T02:25:34.915Z,CS.D.GBPUSD.MINI.IP,1.34429,1.34438,1.344335,1083,2s
2026-03-11T02:26:22.519Z,CS.D.EURUSD.MINI.IP,1.16229,1.16238,1.1623350000000001,673,2s
2026-03-11T02:26:22.627Z,CS.D.GBPUSD.MINI.IP,1.34423,1.34432,1.344275,489,2s
2026-03-11T02:26:22.858Z,CS.D.EURUSD.MINI.IP,1.16229,1.16238,1.1623350000000001,805,2s
2026-03-11T02:26:22.864Z,CS.D.GBPUSD.MINI.IP,1.34423,1.34432,1.344275,981,2s
2026-03-11T02:26:23.194Z,CS.D.GBPUSD.MINI.IP,1.34423,1.34432,1.344275,129,2s
2026-03-11T02:26:25.799Z,CS.D.EURUSD.MINI.IP,1.16227,1.16236,1.162315,387,2s
2026-03-11T02:26:25.803Z,CS.D.EURUSD.MINI.IP,1.16227,1.16236,1.162315,198,2s
2026-03-11T02:26:25.893Z,CS.D.EURUSD.MINI.IP,1.16227,1.16236,1.162315,512,2s
2026-03-11T02:26:26.122Z,CS.D.GBPUSD.MINI.IP,1.34423,1.34432,1.344275,216,2s
2026-03-11T02:26:26.124Z,CS.D.GBPUSD.MINI.IP,1.34423,1.34432,1.344275,1084,2s
2026-03-11T02:26:26.233Z,CS.D.GBPUSD.MINI.IP,1.34423,1.34432,1.344275,888,2s
2026-03-11T02:26:28.359Z,CS.D.EURUSD.MINI.IP,1.16228,1.16237,1.162325,563,2s
2026-03-11T02:26:28.570Z,CS.D.EURUSD.MINI.IP,1.16228,1.16237,1.162325,543,2s
2026-03-11T02:26:28.696Z,CS.D.GBPUSD.MINI.IP,1.34423,1.34432,1.344275,771,2s
2026-03-11T02:26:28.721Z,CS.D.EURUSD.MINI.IP,1.16229,1.16238,1.1623350000000001,215,2s
2026-03-11T02:26:28.906Z,CS.D.GBPUSD.MINI.IP,1.34423,1.34432,1.344275,935,2s
2026-03-11T02:26:29.066Z,CS.D.GBPUSD.MINI.IP,1.34423,1.34432,1.344275,777,2s
2026-03-11T02:26:31.339Z,CS.D.EURUSD.MINI.IP,1.16229,1.16238,1.1623350000000001,785,2s
2026-03-11T02:26:31.532Z,CS.D.EURUSD.MINI.IP,1.16229,1.16238,1.1623350000000001,722,2s
2026-03-11T02:26:31.675Z,CS.D.GBPUSD.MINI.IP,1.34423,1.34432,1.344275,796,2s
2026-03-11T02:26:31.736Z,CS.D.EURUSD.MINI.IP,1.16229,1.16238,1.1623350000000001,1041,2s
2026-03-11T02:26:31.869Z,CS.D.GBPUSD.MINI.IP,1.34423,1.34432,1.344275,393,2s
2026-03-11T02:26:32.081Z,CS.D.GBPUSD.MINI.IP,1.34423,1.34432,1.344275,278,2s
2026-03-11T02:26:34.372Z,CS.D.EURUSD.MINI.IP,1.16228,1.16237,1.162325,963,2s
2026-03-11T02:26:34.622Z,CS.D.EURUSD.MINI.IP,1.16228,1.16237,1.162325,958,2s
2026-03-11T02:26:34.706Z,CS.D.GBPUSD.MINI.IP,1.34423,1.34432,1.344275,253,2s
2026-03-11T02:26:34.837Z,CS.D.EURUSD.MINI.IP,1.16228,1.16237,1.162325,1026,2s
2026-03-11T02:26:34.971Z,CS.D.GBPUSD.MINI.IP,1.34423,1.34432,1.344275,980,2s
2026-03-11T02:26:35.154Z,CS.D.GBPUSD.MINI.IP,1.34423,1.34432,1.344275,757,2s
2026-03-11T02:27:22.637Z,CS.D.EURUSD.MINI.IP,1.16215,1.16221,1.16218,319,2s
2026-03-11T02:27:22.829Z,CS.D.GBPUSD.MINI.IP,1.34396,1.34405,1.3440050000000001,818,2s
2026-03-11T02:27:22.976Z,CS.D.EURUSD.MINI.IP,1.16215,1.16221,1.16218,1031,2s
2026-03-11T02:27:23.022Z,CS.D.GBPUSD.MINI.IP,1.34397,1.34406,1.3440150000000002,137,2s
2026-03-11T02:27:23.391Z,CS.D.GBPUSD.MINI.IP,1.34397,1.34406,1.3440150000000002,813,2s
2026-03-11T02:27:25.528Z,CS.D.EURUSD.MINI.IP,1.16214,1.1622,1.16217,379,2s
2026-03-11T02:27:25.635Z,CS.D.EURUSD.MINI.IP,1.16214,1.1622,1.16217,126,2s
2026-03-11T02:27:25.849Z,CS.D.EURUSD.MINI.IP,1.16214,1.1622,1.16217,599,2s
2026-03-11T02:27:25.857Z,CS.D.GBPUSD.MINI.IP,1.34397,1.34406,1.3440150000000002,258,2s
2026-03-11T02:27:25.973Z,CS.D.GBPUSD.MINI.IP,1.34397,1.34406,1.3440150000000002,957,2s
2026-03-11T02:27:26.175Z,CS.D.GBPUSD.MINI.IP,1.34397,1.34406,1.3440150000000002,838,2s
2026-03-11T02:27:28.549Z,CS.D.EURUSD.MINI.IP,1.16215,1.16221,1.16218,299,2s
2026-03-11T02:27:28.645Z,CS.D.EURUSD.MINI.IP,1.16215,1.16221,1.16218,567,2s
2026-03-11T02:27:28.896Z,CS.D.GBPUSD.MINI.IP,1.34396,1.34405,1.3440050000000001,1045,2s
2026-03-11T02:27:28.963Z,CS.D.EURUSD.MINI.IP,1.16215,1.16221,1.16218,680,2s
2026-03-11T02:27:28.982Z,CS.D.GBPUSD.MINI.IP,1.34396,1.34405,1.3440050000000001,741,2s
2026-03-11T02:27:29.296Z,CS.D.GBPUSD.MINI.IP,1.34396,1.34405,1.3440050000000001,733,2s
2026-03-11T02:27:31.545Z,CS.D.EURUSD.MINI.IP,1.16217,1.16223,1.1622,610,2s
2026-03-11T02:27:31.667Z,CS.D.EURUSD.MINI.IP,1.16217,1.16223,1.1622,447,2s
2026-03-11T02:27:31.865Z,CS.D.EURUSD.MINI.IP,1.16217,1.16223,1.1622,964,2s
2026-03-11T02:27:31.910Z,CS.D.GBPUSD.MINI.IP,1.34396,1.34405,1.3440050000000001,284,2s
2026-03-11T02:27:32.005Z,CS.D.GBPUSD.MINI.IP,1.34396,1.34405,1.3440050000000001,581,2s
2026-03-11T02:27:32.210Z,CS.D.GBPUSD.MINI.IP,1.34396,1.34405,1.3440050000000001,709,2s
2026-03-11T02:27:34.635Z,CS.D.EURUSD.MINI.IP,1.16217,1.16223,1.1622,445,2s
2026-03-11T02:27:34.690Z,CS.D.EURUSD.MINI.IP,1.16217,1.16223,1.1622,348,2s
2026-03-11T02:27:34.957Z,CS.D.GBPUSD.MINI.IP,1.34396,1.34405,1.3440050000000001,339,2s
2026-03-11T02:27:35.022Z,CS.D.GBPUSD.MINI.IP,1.34396,1.34405,1.3440050000000001,256,2s
2026-03-11T02:27:35.383Z,CS.D.EURUSD.MINI.IP,1.16217,1.16223,1.1622,776,2s
2026-03-11T02:28:22.713Z,CS.D.EURUSD.MINI.IP,1.16231,1.16237,1.16234,627,2s
2026-03-11T02:28:22.885Z,CS.D.EURUSD.MINI.IP,1.16231,1.16237,1.16234,814,2s
2026-03-11T02:28:22.975Z,CS.D.EURUSD.MINI.IP,1.16231,1.16237,1.16234,502,2s
2026-03-11T02:28:23.047Z,CS.D.GBPUSD.MINI.IP,1.34409,1.34418,1.344135,647,2s
2026-03-11T02:28:23.236Z,CS.D.GBPUSD.MINI.IP,1.34409,1.34418,1.344135,729,2s
2026-03-11T02:28:23.318Z,CS.D.GBPUSD.MINI.IP,1.34409,1.34418,1.344135,803,2s
2026-03-11T02:28:25.703Z,CS.D.EURUSD.MINI.IP,1.1623,1.16236,1.16233,737,2s
2026-03-11T02:28:25.863Z,CS.D.EURUSD.MINI.IP,1.1623,1.16236,1.16233,310,2s
2026-03-11T02:28:26.004Z,CS.D.EURUSD.MINI.IP,1.1623,1.16236,1.16233,934,2s
2026-03-11T02:28:26.031Z,CS.D.GBPUSD.MINI.IP,1.34409,1.34418,1.344135,1082,2s
2026-03-11T02:28:26.215Z,CS.D.GBPUSD.MINI.IP,1.34409,1.34418,1.344135,388,2s
2026-03-11T02:28:26.348Z,CS.D.GBPUSD.MINI.IP,1.34409,1.34418,1.344135,840,2s
2026-03-11T02:28:28.827Z,CS.D.EURUSD.MINI.IP,1.1623,1.16236,1.16233,828,2s
2026-03-11T02:28:28.871Z,CS.D.EURUSD.MINI.IP,1.1623,1.16236,1.16233,806,2s
2026-03-11T02:28:28.977Z,CS.D.EURUSD.MINI.IP,1.1623,1.16236,1.16233,320,2s
2026-03-11T02:28:29.170Z,CS.D.GBPUSD.MINI.IP,1.34411,1.3442,1.344155,637,2s
2026-03-11T02:28:29.207Z,CS.D.GBPUSD.MINI.IP,1.34411,1.3442,1.344155,945,2s
2026-03-11T02:28:29.335Z,CS.D.GBPUSD.MINI.IP,1.34411,1.3442,1.344155,139,2s
2026-03-11T02:28:31.713Z,CS.D.EURUSD.MINI.IP,1.16231,1.16237,1.16234,104,2s
2026-03-11T02:28:32.046Z,CS.D.GBPUSD.MINI.IP,1.34411,1.3442,1.344155,618,2s
2026-03-11T02:28:32.281Z,CS.D.EURUSD.MINI.IP,1.16231,1.16237,1.16234,178,2s
2026-03-11T02:28:32.317Z,CS.D.EURUSD.MINI.IP,1.16231,1.16237,1.16234,647,2s
2026-03-11T02:28:32.607Z,CS.D.GBPUSD.MINI.IP,1.34411,1.3442,1.344155,775,2s
2026-03-11T02:28:32.654Z,CS.D.GBPUSD.MINI.IP,1.34411,1.3442,1.344155,199,2s
2026-03-11T02:28:34.736Z,CS.D.EURUSD.MINI.IP,1.16231,1.1624,1.162355,811,2s
2026-03-11T02:28:34.982Z,CS.D.EURUSD.MINI.IP,1.16231,1.1624,1.162355,486,2s
2026-03-11T02:29:22.837Z,CS.D.EURUSD.MINI.IP,1.1622,1.16229,1.162245,325,2s
2026-03-11T02:29:23.039Z,CS.D.EURUSD.MINI.IP,1.1622,1.16229,1.162245,935,2s
2026-03-11T02:29:23.078Z,CS.D.EURUSD.MINI.IP,1.16219,1.16228,1.162235,114,2s
2026-03-11T02:29:23.157Z,CS.D.GBPUSD.MINI.IP,1.34409,1.34418,1.344135,133,2s
2026-03-11T02:29:23.387Z,CS.D.GBPUSD.MINI.IP,1.34409,1.34418,1.344135,192,2s
2026-03-11T02:29:23.418Z,CS.D.GBPUSD.MINI.IP,1.34409,1.34418,1.344135,825,2s
2026-03-11T02:29:25.886Z,CS.D.EURUSD.MINI.IP,1.16219,1.16228,1.162235,455,2s
2026-03-11T02:29:26.071Z,CS.D.EURUSD.MINI.IP,1.16221,1.1623,1.162255,940,2s
2026-03-11T02:29:26.078Z,CS.D.EURUSD.MINI.IP,1.16221,1.1623,1.162255,568,2s
2026-03-11T02:29:26.216Z,CS.D.GBPUSD.MINI.IP,1.34412,1.34421,1.3441649999999998,711,2s
2026-03-11T02:29:26.406Z,CS.D.GBPUSD.MINI.IP,1.34412,1.34421,1.3441649999999998,253,2s
2026-03-11T02:29:26.412Z,CS.D.GBPUSD.MINI.IP,1.34412,1.34421,1.3441649999999998,727,2s
2026-03-11T02:29:28.863Z,CS.D.EURUSD.MINI.IP,1.16221,1.1623,1.162255,147,2s
2026-03-11T02:29:29.085Z,CS.D.EURUSD.MINI.IP,1.16221,1.1623,1.162255,788,2s
2026-03-11T02:29:29.093Z,CS.D.EURUSD.MINI.IP,1.16221,1.1623,1.162255,547,2s
2026-03-11T02:29:29.198Z,CS.D.GBPUSD.MINI.IP,1.34412,1.34421,1.3441649999999998,430,2s
2026-03-11T02:29:29.569Z,CS.D.GBPUSD.MINI.IP,1.34411,1.3442,1.344155,872,2s
2026-03-11T02:29:29.570Z,CS.D.GBPUSD.MINI.IP,1.34411,1.3442,1.344155,1063,2s
2026-03-11T02:29:31.948Z,CS.D.EURUSD.MINI.IP,1.1622,1.16229,1.162245,650,2s
2026-03-11T02:29:32.133Z,CS.D.EURUSD.MINI.IP,1.1622,1.16229,1.162245,953,2s
2026-03-11T02:29:32.142Z,CS.D.EURUSD.MINI.IP,1.1622,1.16229,1.162245,1062,2s
2026-03-11T02:29:32.298Z,CS.D.GBPUSD.MINI.IP,1.34411,1.3442,1.344155,380,2s
2026-03-11T02:29:32.480Z,CS.D.GBPUSD.MINI.IP,1.34411,1.3442,1.344155,357,2s
2026-03-11T02:29:32.486Z,CS.D.GBPUSD.MINI.IP,1.34411,1.3442,1.344155,519,2s
2026-03-11T02:29:34.848Z,CS.D.EURUSD.MINI.IP,1.16222,1.16231,1.162265,505,2s
2026-03-11T02:29:35.075Z,CS.D.EURUSD.MINI.IP,1.16222,1.16231,1.162265,428,2s
2026-03-11T02:29:35.076Z,CS.D.EURUSD.MINI.IP,1.16222,1.16231,1.162265,270,2s
2026-03-11T02:29:35.169Z,CS.D.GBPUSD.MINI.IP,1.34411,1.3442,1.344155,527,2s
2026-03-11T02:29:35.410Z,CS.D.GBPUSD.MINI.IP,1.34411,1.3442,1.344155,706,2s
2026-03-11T02:30:22.964Z,CS.D.EURUSD.MINI.IP,1.16204,1.16213,1.162085,487,2s
2026-03-11T02:30:23.192Z,CS.D.EURUSD.MINI.IP,1.16204,1.16213,1.162085,1028,2s
2026-03-11T02:30:23.205Z,CS.D.EURUSD.MINI.IP,1.16204,1.16213,1.162085,430,2s
2026-03-11T02:30:23.300Z,CS.D.GBPUSD.MINI.IP,1.34393,1.34408,1.3440050000000001,630,2s
2026-03-11T02:30:23.530Z,CS.D.GBPUSD.MINI.IP,1.34393,1.34408,1.3440050000000001,847,2s
2026-03-11T02:30:23.532Z,CS.D.GBPUSD.MINI.IP,1.34393,1.34408,1.3440050000000001,330,2s
2026-03-11T02:30:25.978Z,CS.D.EURUSD.MINI.IP,1.16205,1.16214,1.1620949999999999,590,2s
2026-03-11T02:30:26.199Z,CS.D.EURUSD.MINI.IP,1.16206,1.16215,1.162105,393,2s
2026-03-11T02:30:26.304Z,CS.D.GBPUSD.MINI.IP,1.3439,1.34405,1.343975,307,2s
2026-03-11T02:30:26.522Z,CS.D.GBPUSD.MINI.IP,1.3439,1.34405,1.343975,1050,2s
2026-03-11T02:30:26.751Z,CS.D.EURUSD.MINI.IP,1.16206,1.16215,1.162105,147,2s
2026-03-11T02:30:27.092Z,CS.D.GBPUSD.MINI.IP,1.3439,1.34405,1.343975,199,2s
2026-03-11T02:30:28.979Z,CS.D.EURUSD.MINI.IP,1.16209,1.16218,1.1621350000000001,494,2s
2026-03-11T02:30:29.189Z,CS.D.EURUSD.MINI.IP,1.1621,1.16219,1.162145,516,2s
2026-03-11T02:30:29.191Z,CS.D.EURUSD.MINI.IP,1.1621,1.16219,1.162145,131,2s
2026-03-11T02:30:29.312Z,CS.D.GBPUSD.MINI.IP,1.34391,1.34406,1.343985,118,2s
2026-03-11T02:30:29.515Z,CS.D.GBPUSD.MINI.IP,1.34391,1.34406,1.343985,678,2s
2026-03-11T02:30:29.519Z,CS.D.GBPUSD.MINI.IP,1.34391,1.34406,1.343985,686,2s
2026-03-11T02:30:32.020Z,CS.D.EURUSD.MINI.IP,1.1621,1.16219,1.162145,323,2s
2026-03-11T02:30:32.205Z,CS.D.EURUSD.MINI.IP,1.16209,1.16218,1.1621350000000001,837,2s
2026-03-11T02:30:32.211Z,CS.D.EURUSD.MINI.IP,1.16209,1.16218,1.1621350000000001,655,2s
2026-03-11T02:30:32.357Z,CS.D.GBPUSD.MINI.IP,1.34391,1.34406,1.343985,516,2s
2026-03-11T02:30:32.545Z,CS.D.GBPUSD.MINI.IP,1.34391,1.34406,1.343985,138,2s
2026-03-11T02:30:32.579Z,CS.D.GBPUSD.MINI.IP,1.34391,1.34406,1.343985,511,2s
2026-03-11T02:30:34.996Z,CS.D.EURUSD.MINI.IP,1.16206,1.16215,1.162105,244,2s
2026-03-11T02:30:35.199Z,CS.D.EURUSD.MINI.IP,1.16206,1.16215,1.162105,635,2s
2026-03-11T02:30:35.206Z,CS.D.EURUSD.MINI.IP,1.16206,1.16215,1.162105,169,2s
2026-03-11T02:30:35.419Z,CS.D.GBPUSD.MINI.IP,1.34388,1.34403,1.343955,726,2s
2026-03-11T02:30:35.530Z,CS.D.GBPUSD.MINI.IP,1.34388,1.34403,1.343955,760,2s
2026-03-11T02:31:23.193Z,CS.D.EURUSD.MINI.IP,1.16196,1.16205,1.1620050000000002,543,2s
2026-03-11T02:31:23.298Z,CS.D.EURUSD.MINI.IP,1.16196,1.16205,1.1620050000000002,473,2s
2026-03-11T02:31:23.303Z,CS.D.EURUSD.MINI.IP,1.16196,1.16205,1.1620050000000002,226,2s
2026-03-11T02:31:23.532Z,CS.D.GBPUSD.MINI.IP,1.34378,1.34393,1.343855,1034,2s
2026-03-11T02:31:23.623Z,CS.D.GBPUSD.MINI.IP,1.34378,1.34393,1.343855,491,2s
2026-03-11T02:31:23.631Z,CS.D.GBPUSD.MINI.IP,1.34378,1.34393,1.343855,517,2s
2026-03-11T02:31:26.168Z,CS.D.EURUSD.MINI.IP,1.16198,1.16207,1.1620249999999999,941,2s
2026-03-11T02:31:26.437Z,CS.D.EURUSD.MINI.IP,1.16198,1.16207,1.1620249999999999,584,2s
2026-03-11T02:31:26.444Z,CS.D.EURUSD.MINI.IP,1.16198,1.16207,1.1620249999999999,588,2s
2026-03-11T02:31:26.500Z,CS.D.GBPUSD.MINI.IP,1.34381,1.34396,1.343885,759,2s
2026-03-11T02:31:26.789Z,CS.D.GBPUSD.MINI.IP,1.34381,1.34396,1.343885,308,2s
2026-03-11T02:31:26.793Z,CS.D.GBPUSD.MINI.IP,1.34381,1.34396,1.343885,682,2s
2026-03-11T02:31:29.163Z,CS.D.EURUSD.MINI.IP,1.16195,1.16204,1.1619950000000001,292,2s
2026-03-11T02:31:29.423Z,CS.D.EURUSD.MINI.IP,1.16195,1.16204,1.1619950000000001,832,2s
2026-03-11T02:31:29.454Z,CS.D.EURUSD.MINI.IP,1.16195,1.16204,1.1619950000000001,981,2s
2026-03-11T02:31:29.620Z,CS.D.GBPUSD.MINI.IP,1.3438,1.34395,1.3438750000000002,590,2s
2026-03-11T02:31:29.772Z,CS.D.GBPUSD.MINI.IP,1.3438,1.34395,1.3438750000000002,249,2s
2026-03-11T02:31:29.805Z,CS.D.GBPUSD.MINI.IP,1.3438,1.34395,1.3438750000000002,354,2s
2026-03-11T02:31:32.217Z,CS.D.EURUSD.MINI.IP,1.16196,1.16205,1.1620050000000002,840,2s
2026-03-11T02:31:32.401Z,CS.D.EURUSD.MINI.IP,1.16196,1.16205,1.1620050000000002,955,2s
2026-03-11T02:31:32.406Z,CS.D.EURUSD.MINI.IP,1.16196,1.16205,1.1620050000000002,896,2s
2026-03-11T02:31:32.565Z,CS.D.GBPUSD.MINI.IP,1.3438,1.34395,1.3438750000000002,1092,2s
2026-03-11T02:31:32.716Z,CS.D.GBPUSD.MINI.IP,1.3438,1.34395,1.3438750000000002,195,2s
2026-03-11T02:31:32.783Z,CS.D.GBPUSD.MINI.IP,1.3438,1.34395,1.3438750000000002,652,2s
2026-03-11T02:31:35.200Z,CS.D.EURUSD.MINI.IP,1.16195,1.16204,1.1619950000000001,730,2s
2026-03-11T02:31:35.338Z,CS.D.EURUSD.MINI.IP,1.16195,1.16204,1.1619950000000001,117,2s
2026-03-11T02:31:35.343Z,CS.D.EURUSD.MINI.IP,1.16195,1.16204,1.1619950000000001,374,2s
2026-03-11T02:31:35.625Z,CS.D.GBPUSD.MINI.IP,1.34382,1.34391,1.343865,439,2s
2026-03-11T02:32:24.056Z,CS.D.EURUSD.MINI.IP,1.16206,1.16212,1.16209,909,2s
2026-03-11T02:32:24.077Z,CS.D.EURUSD.MINI.IP,1.16206,1.16212,1.16209,539,2s
2026-03-11T02:32:24.080Z,CS.D.EURUSD.MINI.IP,1.16206,1.16212,1.16209,825,2s
2026-03-11T02:32:24.403Z,CS.D.GBPUSD.MINI.IP,1.34377,1.34392,1.343845,913,2s
2026-03-11T02:32:24.405Z,CS.D.GBPUSD.MINI.IP,1.34377,1.34392,1.343845,951,2s
2026-03-11T02:32:24.413Z,CS.D.GBPUSD.MINI.IP,1.34377,1.34392,1.343845,495,2s
2026-03-11T02:32:26.278Z,CS.D.EURUSD.MINI.IP,1.16205,1.16214,1.1620949999999999,176,2s
2026-03-11T02:32:26.435Z,CS.D.EURUSD.MINI.IP,1.16205,1.16214,1.1620949999999999,526,2s
2026-03-11T02:32:26.469Z,CS.D.EURUSD.MINI.IP,1.16205,1.16214,1.1620949999999999,508,2s
2026-03-11T02:32:26.628Z,CS.D.GBPUSD.MINI.IP,1.34374,1.34389,1.343815,294,2s
2026-03-11T02:32:26.791Z,CS.D.GBPUSD.MINI.IP,1.34375,1.3439,1.343825,131,2s
2026-03-11T02:32:26.804Z,CS.D.GBPUSD.MINI.IP,1.34375,1.3439,1.343825,169,2s
2026-03-11T02:32:29.288Z,CS.D.EURUSD.MINI.IP,1.16201,1.1621,1.162055,639,2s
2026-03-11T02:32:29.424Z,CS.D.EURUSD.MINI.IP,1.16201,1.1621,1.162055,789,2s
2026-03-11T02:32:29.476Z,CS.D.EURUSD.MINI.IP,1.16201,1.1621,1.162055,1070,2s
2026-03-11T02:32:29.615Z,CS.D.GBPUSD.MINI.IP,1.34374,1.34389,1.343815,168,2s
2026-03-11T02:32:29.746Z,CS.D.GBPUSD.MINI.IP,1.34374,1.34389,1.343815,878,2s
2026-03-11T02:32:29.805Z,CS.D.GBPUSD.MINI.IP,1.34374,1.34389,1.343815,1075,2s
2026-03-11T02:32:32.305Z,CS.D.EURUSD.MINI.IP,1.16196,1.16205,1.1620050000000002,1063,2s
2026-03-11T02:32:32.635Z,CS.D.GBPUSD.MINI.IP,1.34365,1.3438,1.343725,126,2s
2026-03-11T02:32:32.778Z,CS.D.EURUSD.MINI.IP,1.16195,1.16204,1.1619950000000001,791,2s
2026-03-11T02:32:32.831Z,CS.D.EURUSD.MINI.IP,1.16195,1.16204,1.1619950000000001,526,2s
2026-03-11T02:32:33.109Z,CS.D.GBPUSD.MINI.IP,1.34364,1.34379,1.343715,696,2s
2026-03-11T02:32:33.249Z,CS.D.GBPUSD.MINI.IP,1.34364,1.34379,1.343715,634,2s
2026-03-11T02:32:35.294Z,CS.D.EURUSD.MINI.IP,1.16194,1.16203,1.161985,763,2s
2026-03-11T02:32:35.457Z,CS.D.EURUSD.MINI.IP,1.16194,1.16203,1.161985,881,2s
2026-03-11T02:33:26.404Z,CS.D.EURUSD.MINI.IP,1.16201,1.1621,1.162055,936,2s
2026-03-11T02:33:26.583Z,CS.D.EURUSD.MINI.IP,1.162,1.16209,1.162045,105,2s
2026-03-11T02:33:26.607Z,CS.D.EURUSD.MINI.IP,1.162,1.16209,1.162045,994,2s
2026-03-11T02:33:26.740Z,CS.D.GBPUSD.MINI.IP,1.34383,1.34392,1.3438750000000002,145,2s
2026-03-11T02:33:26.941Z,CS.D.GBPUSD.MINI.IP,1.34383,1.34392,1.3438750000000002,977,2s
2026-03-11T02:33:26.957Z,CS.D.GBPUSD.MINI.IP,1.34383,1.34392,1.3438750000000002,756,2s
2026-03-11T02:33:29.527Z,CS.D.EURUSD.MINI.IP,1.16196,1.16205,1.1620050000000002,724,2s
2026-03-11T02:33:29.890Z,CS.D.GBPUSD.MINI.IP,1.34382,1.34391,1.343865,289,2s
2026-03-11T02:33:30.266Z,CS.D.EURUSD.MINI.IP,1.16196,1.16205,1.1620050000000002,280,2s
2026-03-11T02:33:30.318Z,CS.D.EURUSD.MINI.IP,1.16196,1.16205,1.1620050000000002,623,2s
2026-03-11T02:33:30.657Z,CS.D.GBPUSD.MINI.IP,1.34382,1.34391,1.343865,427,2s
2026-03-11T02:33:30.660Z,CS.D.GBPUSD.MINI.IP,1.34382,1.34391,1.343865,881,2s
2026-03-11T02:33:32.404Z,CS.D.EURUSD.MINI.IP,1.16196,1.16205,1.1620050000000002,924,2s
2026-03-11T02:33:32.578Z,CS.D.EURUSD.MINI.IP,1.16195,1.16204,1.1619950000000001,424,2s
2026-03-11T02:33:32.625Z,CS.D.EURUSD.MINI.IP,1.16195,1.16204,1.1619950000000001,130,2s
2026-03-11T02:33:32.736Z,CS.D.GBPUSD.MINI.IP,1.34382,1.34391,1.343865,154,2s
2026-03-11T02:33:32.986Z,CS.D.GBPUSD.MINI.IP,1.34382,1.34391,1.343865,227,2s
2026-03-11T02:33:33.008Z,CS.D.GBPUSD.MINI.IP,1.34382,1.34391,1.343865,882,2s
2026-03-11T02:33:35.429Z,CS.D.EURUSD.MINI.IP,1.16193,1.16202,1.161975,998,2s
2026-03-11T02:33:35.589Z,CS.D.EURUSD.MINI.IP,1.16193,1.16202,1.161975,387,2s
2026-03-11T02:33:35.624Z,CS.D.EURUSD.MINI.IP,1.16193,1.16202,1.161975,187,2s
2026-03-11T02:33:35.764Z,CS.D.GBPUSD.MINI.IP,1.34381,1.3439,1.343855,801,2s
2026-03-11T02:33:35.930Z,CS.D.GBPUSD.MINI.IP,1.34381,1.3439,1.343855,126,2s
2026-03-11T02:33:35.948Z,CS.D.GBPUSD.MINI.IP,1.34381,1.3439,1.343855,618,2s
2026-03-11T02:33:38.412Z,CS.D.EURUSD.MINI.IP,1.16193,1.16202,1.161975,177,2s
2026-03-11T02:33:38.597Z,CS.D.EURUSD.MINI.IP,1.16193,1.16202,1.161975,902,2s
2026-03-11T02:33:38.698Z,CS.D.EURUSD.MINI.IP,1.16193,1.16202,1.161975,620,2s
2026-03-11T02:33:38.732Z,CS.D.GBPUSD.MINI.IP,1.34382,1.34391,1.343865,953,2s
2026-03-11T02:33:38.925Z,CS.D.GBPUSD.MINI.IP,1.34382,1.34391,1.343865,845,2s
2026-03-11T02:34:26.538Z,CS.D.EURUSD.MINI.IP,1.162,1.16206,1.1620300000000001,815,2s
2026-03-11T02:34:26.815Z,CS.D.EURUSD.MINI.IP,1.162,1.16206,1.1620300000000001,527,2s
2026-03-11T02:34:26.853Z,CS.D.EURUSD.MINI.IP,1.162,1.16206,1.1620300000000001,173,2s
2026-03-11T02:34:26.856Z,CS.D.GBPUSD.MINI.IP,1.34371,1.3438,1.343755,641,2s
2026-03-11T02:34:27.131Z,CS.D.GBPUSD.MINI.IP,1.34371,1.3438,1.343755,1023,2s
2026-03-11T02:34:27.176Z,CS.D.GBPUSD.MINI.IP,1.34371,1.3438,1.343755,359,2s
2026-03-11T02:34:29.530Z,CS.D.EURUSD.MINI.IP,1.16201,1.16207,1.16204,384,2s
2026-03-11T02:34:29.733Z,CS.D.EURUSD.MINI.IP,1.16201,1.16207,1.16204,870,2s
2026-03-11T02:34:29.799Z,CS.D.EURUSD.MINI.IP,1.16201,1.16207,1.16204,862,2s
2026-03-11T02:34:29.862Z,CS.D.GBPUSD.MINI.IP,1.34372,1.34381,1.3437649999999999,591,2s
2026-03-11T02:34:30.065Z,CS.D.GBPUSD.MINI.IP,1.34372,1.34381,1.3437649999999999,1032,2s
2026-03-11T02:34:30.180Z,CS.D.GBPUSD.MINI.IP,1.34373,1.34382,1.343775,249,2s
2026-03-11T02:34:32.537Z,CS.D.EURUSD.MINI.IP,1.16201,1.16207,1.16204,1084,2s
2026-03-11T02:34:32.704Z,CS.D.EURUSD.MINI.IP,1.16201,1.16207,1.16204,732,2s
2026-03-11T02:34:32.802Z,CS.D.EURUSD.MINI.IP,1.16201,1.16207,1.16204,632,2s
2026-03-11T02:34:32.867Z,CS.D.GBPUSD.MINI.IP,1.34378,1.34387,1.3438249999999998,445,2s
2026-03-11T02:34:33.036Z,CS.D.GBPUSD.MINI.IP,1.34378,1.34387,1.3438249999999998,1009,2s
2026-03-11T02:34:33.130Z,CS.D.GBPUSD.MINI.IP,1.34378,1.34387,1.3438249999999998,117,2s
2026-03-11T02:34:35.551Z,CS.D.EURUSD.MINI.IP,1.16201,1.16207,1.16204,837,2s
2026-03-11T02:34:35.701Z,CS.D.EURUSD.MINI.IP,1.16201,1.16207,1.16204,448,2s
2026-03-11T02:34:36.342Z,CS.D.EURUSD.MINI.IP,1.16201,1.16207,1.16204,995,2s
2026-03-11T02:34:36.389Z,CS.D.GBPUSD.MINI.IP,1.34378,1.34387,1.3438249999999998,129,2s
2026-03-11T02:34:36.422Z,CS.D.GBPUSD.MINI.IP,1.34378,1.34387,1.3438249999999998,356,2s
2026-03-11T02:34:36.675Z,CS.D.GBPUSD.MINI.IP,1.34378,1.34387,1.3438249999999998,930,2s
2026-03-11T02:34:38.555Z,CS.D.EURUSD.MINI.IP,1.16202,1.16208,1.16205,300,2s
2026-03-11T02:34:38.693Z,CS.D.EURUSD.MINI.IP,1.16202,1.16208,1.16205,241,2s
2026-03-11T02:34:38.840Z,CS.D.EURUSD.MINI.IP,1.16202,1.16208,1.16205,801,2s
2026-03-11T02:34:38.889Z,CS.D.GBPUSD.MINI.IP,1.34379,1.34388,1.343835,1085,2s
2026-03-11T02:34:39.006Z,CS.D.GBPUSD.MINI.IP,1.34379,1.34388,1.343835,728,2s
2026-03-11T02:35:26.705Z,CS.D.EURUSD.MINI.IP,1.16209,1.16218,1.1621350000000001,466,2s
2026-03-11T02:35:26.896Z,CS.D.EURUSD.MINI.IP,1.16209,1.16218,1.1621350000000001,280,2s
2026-03-11T02:35:26.966Z,CS.D.EURUSD.MINI.IP,1.16209,1.16218,1.1621350000000001,853,2s
2026-03-11T02:35:27.057Z,CS.D.GBPUSD.MINI.IP,1.34396,1.34405,1.3440050000000001,732,2s
2026-03-11T02:35:27.247Z,CS.D.GBPUSD.MINI.IP,1.34396,1.34405,1.3440050000000001,776,2s
2026-03-11T02:35:27.296Z,CS.D.GBPUSD.MINI.IP,1.34396,1.34405,1.3440050000000001,435,2s
2026-03-11T02:35:29.734Z,CS.D.EURUSD.MINI.IP,1.16207,1.16216,1.162115,902,2s
2026-03-11T02:35:29.892Z,CS.D.EURUSD.MINI.IP,1.16207,1.16216,1.162115,407,2s
2026-03-11T02:35:30.003Z,CS.D.EURUSD.MINI.IP,1.16207,1.16216,1.162115,927,2s
2026-03-11T02:35:30.296Z,CS.D.GBPUSD.MINI.IP,1.34396,1.34405,1.3440050000000001,734,2s
2026-03-11T02:35:30.379Z,CS.D.GBPUSD.MINI.IP,1.34396,1.34405,1.3440050000000001,983,2s
2026-03-11T02:35:30.589Z,CS.D.GBPUSD.MINI.IP,1.34396,1.34405,1.3440050000000001,234,2s
2026-03-11T02:35:32.723Z,CS.D.EURUSD.MINI.IP,1.16208,1.16217,1.162125,775,2s
2026-03-11T02:35:32.918Z,CS.D.EURUSD.MINI.IP,1.16208,1.16217,1.162125,682,2s
2026-03-11T02:35:32.992Z,CS.D.EURUSD.MINI.IP,1.16208,1.16217,1.162125,962,2s
2026-03-11T02:35:33.048Z,CS.D.GBPUSD.MINI.IP,1.34396,1.34405,1.3440050000000001,1051,2s
2026-03-11T02:35:33.261Z,CS.D.GBPUSD.MINI.IP,1.34396,1.34405,1.3440050000000001,467,2s
2026-03-11T02:35:33.318Z,CS.D.GBPUSD.MINI.IP,1.34396,1.34405,1.3440050000000001,455,2s
2026-03-11T02:35:35.722Z,CS.D.EURUSD.MINI.IP,1.16207,1.16216,1.162115,994,2s
2026-03-11T02:35:35.919Z,CS.D.EURUSD.MINI.IP,1.16207,1.16216,1.162115,1067,2s
2026-03-11T02:35:35.997Z,CS.D.EURUSD.MINI.IP,1.16207,1.16216,1.162115,956,2s
2026-03-11T02:35:36.039Z,CS.D.GBPUSD.MINI.IP,1.34396,1.34405,1.3440050000000001,651,2s
2026-03-11T02:35:36.256Z,CS.D.GBPUSD.MINI.IP,1.34396,1.34405,1.3440050000000001,142,2s
2026-03-11T02:35:36.325Z,CS.D.GBPUSD.MINI.IP,1.34396,1.34405,1.3440050000000001,883,2s
2026-03-11T02:35:38.754Z,CS.D.EURUSD.MINI.IP,1.16207,1.16216,1.162115,799,2s
2026-03-11T02:35:38.928Z,CS.D.EURUSD.MINI.IP,1.16206,1.16215,1.162105,525,2s
2026-03-11T02:35:39.023Z,CS.D.EURUSD.MINI.IP,1.16206,1.16215,1.162105,1083,2s
2026-03-11T02:35:39.070Z,CS.D.GBPUSD.MINI.IP,1.34396,1.34405,1.3440050000000001,747,2s
2026-03-11T02:35:39.278Z,CS.D.GBPUSD.MINI.IP,1.34396,1.34405,1.3440050000000001,1028,2s
2026-03-11T02:36:27.093Z,CS.D.EURUSD.MINI.IP,1.16193,1.16202,1.161975,977,2s
2026-03-11T02:36:27.282Z,CS.D.EURUSD.MINI.IP,1.16193,1.16202,1.161975,1031,2s
2026-03-11T02:36:27.488Z,CS.D.GBPUSD.MINI.IP,1.3438,1.34395,1.3438750000000002,606,2s
2026-03-11T02:36:27.615Z,CS.D.GBPUSD.MINI.IP,1.3438,1.34395,1.3438750000000002,525,2s
2026-03-11T02:36:27.774Z,CS.D.EURUSD.MINI.IP,1.16192,1.16201,1.161965,597,2s
2026-03-11T02:36:28.106Z,CS.D.GBPUSD.MINI.IP,1.3438,1.34395,1.3438750000000002,255,2s
2026-03-11T02:36:29.865Z,CS.D.EURUSD.MINI.IP,1.16193,1.16202,1.161975,486,2s
2026-03-11T02:36:30.037Z,CS.D.EURUSD.MINI.IP,1.16193,1.16202,1.161975,548,2s
2026-03-11T02:36:30.152Z,CS.D.EURUSD.MINI.IP,1.16191,1.162,1.1619549999999998,216,2s
2026-03-11T02:36:30.199Z,CS.D.GBPUSD.MINI.IP,1.34382,1.34397,1.343895,429,2s
2026-03-11T02:36:30.373Z,CS.D.GBPUSD.MINI.IP,1.34382,1.34397,1.343895,265,2s
2026-03-11T02:36:30.478Z,CS.D.GBPUSD.MINI.IP,1.34382,1.34397,1.343895,219,2s
2026-03-11T02:36:33.336Z,CS.D.EURUSD.MINI.IP,1.16188,1.16197,1.161925,409,2s
2026-03-11T02:36:33.364Z,CS.D.EURUSD.MINI.IP,1.16188,1.16197,1.161925,1064,2s
2026-03-11T02:36:33.570Z,CS.D.EURUSD.MINI.IP,1.16188,1.16197,1.161925,285,2s
2026-03-11T02:36:33.674Z,CS.D.GBPUSD.MINI.IP,1.34382,1.34397,1.343895,424,2s
2026-03-11T02:36:33.690Z,CS.D.GBPUSD.MINI.IP,1.34382,1.34397,1.343895,645,2s
2026-03-11T02:36:33.908Z,CS.D.GBPUSD.MINI.IP,1.34382,1.34397,1.343895,1046,2s
2026-03-11T02:36:35.891Z,CS.D.EURUSD.MINI.IP,1.16187,1.16196,1.161915,647,2s
2026-03-11T02:36:36.055Z,CS.D.EURUSD.MINI.IP,1.16187,1.16196,1.161915,1097,2s
2026-03-11T02:36:36.184Z,CS.D.EURUSD.MINI.IP,1.16187,1.16196,1.161915,597,2s
2026-03-11T02:36:36.263Z,CS.D.GBPUSD.MINI.IP,1.34382,1.34397,1.343895,489,2s
2026-03-11T02:36:36.404Z,CS.D.GBPUSD.MINI.IP,1.34382,1.34397,1.343895,594,2s
2026-03-11T02:36:36.657Z,CS.D.GBPUSD.MINI.IP,1.34382,1.34397,1.343895,802,2s
2026-03-11T02:36:38.910Z,CS.D.EURUSD.MINI.IP,1.16188,1.16197,1.161925,1016,2s
2026-03-11T02:37:27.209Z,CS.D.EURUSD.MINI.IP,1.16196,1.16205,1.1620050000000002,563,2s
2026-03-11T02:37:27.349Z,CS.D.EURUSD.MINI.IP,1.16196,1.16205,1.1620050000000002,212,2s
2026-03-11T02:37:27.395Z,CS.D.GBPUSD.MINI.IP,1.34383,1.34398,1.343905,417,2s
2026-03-11T02:37:27.563Z,CS.D.GBPUSD.MINI.IP,1.34383,1.34398,1.343905,465,2s
2026-03-11T02:37:27.693Z,CS.D.GBPUSD.MINI.IP,1.34383,1.34398,1.343905,721,2s
2026-03-11T02:37:29.993Z,CS.D.EURUSD.MINI.IP,1.16194,1.16203,1.161985,570,2s
2026-03-11T02:37:30.202Z,CS.D.EURUSD.MINI.IP,1.16194,1.16203,1.161985,794,2s
2026-03-11T02:37:30.351Z,CS.D.EURUSD.MINI.IP,1.16194,1.16203,1.161985,358,2s
2026-03-11T02:37:30.378Z,CS.D.GBPUSD.MINI.IP,1.34383,1.34398,1.343905,923,2s
2026-03-11T02:37:30.556Z,CS.D.GBPUSD.MINI.IP,1.34383,1.34398,1.343905,421,2s
2026-03-11T02:37:30.717Z,CS.D.GBPUSD.MINI.IP,1.34383,1.34398,1.343905,313,2s
2026-03-11T02:37:33.110Z,CS.D.EURUSD.MINI.IP,1.16195,1.16204,1.1619950000000001,820,2s
2026-03-11T02:37:33.212Z,CS.D.EURUSD.MINI.IP,1.16195,1.16204,1.1619950000000001,498,2s
2026-03-11T02:37:33.391Z,CS.D.EURUSD.MINI.IP,1.16195,1.16204,1.1619950000000001,726,2s
2026-03-11T02:37:33.447Z,CS.D.GBPUSD.MINI.IP,1.34379,1.34394,1.343865,196,2s
2026-03-11T02:37:33.731Z,CS.D.GBPUSD.MINI.IP,1.34379,1.34394,1.343865,307,2s
2026-03-11T02:37:34.021Z,CS.D.GBPUSD.MINI.IP,1.34379,1.34394,1.343865,817,2s
2026-03-11T02:37:35.994Z,CS.D.EURUSD.MINI.IP,1.16194,1.16203,1.161985,764,2s
2026-03-11T02:37:36.224Z,CS.D.EURUSD.MINI.IP,1.16194,1.16203,1.161985,892,2s
2026-03-11T02:37:36.313Z,CS.D.GBPUSD.MINI.IP,1.34374,1.34389,1.343815,208,2s
2026-03-11T02:37:36.344Z,CS.D.EURUSD.MINI.IP,1.16194,1.16203,1.161985,166,2s
2026-03-11T02:37:36.545Z,CS.D.GBPUSD.MINI.IP,1.34374,1.34389,1.343815,145,2s
2026-03-11T02:37:36.681Z,CS.D.GBPUSD.MINI.IP,1.34374,1.34389,1.343815,991,2s
2026-03-11T02:37:39.010Z,CS.D.EURUSD.MINI.IP,1.16194,1.16203,1.161985,495,2s
2026-03-11T02:37:39.237Z,CS.D.EURUSD.MINI.IP,1.16194,1.16203,1.161985,1022,2s
2026-03-11T02:37:39.332Z,CS.D.EURUSD.MINI.IP,1.16194,1.16203,1.161985,1086,2s
2026-03-11T02:37:39.361Z,CS.D.GBPUSD.MINI.IP,1.34376,1.34391,1.343835,642,2s
2026-03-11T02:37:39.562Z,CS.D.GBPUSD.MINI.IP,1.34376,1.34391,1.343835,386,2s
2026-03-11T02:37:39.666Z,CS.D.GBPUSD.MINI.IP,1.34376,1.34391,1.343835,485,2s
2026-03-11T02:38:27.348Z,CS.D.EURUSD.MINI.IP,1.16187,1.16196,1.161915,499,2s
2026-03-11T02:38:27.436Z,CS.D.EURUSD.MINI.IP,1.16187,1.16196,1.161915,205,2s
2026-03-11T02:38:27.449Z,CS.D.GBPUSD.MINI.IP,1.3437,1.34385,1.343775,449,2s
2026-03-11T02:38:27.687Z,CS.D.GBPUSD.MINI.IP,1.3437,1.34385,1.343775,403,2s
2026-03-11T02:38:27.786Z,CS.D.GBPUSD.MINI.IP,1.3437,1.34385,1.343775,537,2s
2026-03-11T02:38:30.123Z,CS.D.EURUSD.MINI.IP,1.16188,1.16194,1.16191,419,2s
2026-03-11T02:38:30.362Z,CS.D.EURUSD.MINI.IP,1.16188,1.16194,1.16191,1024,2s
2026-03-11T02:38:30.439Z,CS.D.GBPUSD.MINI.IP,1.34365,1.3438,1.343725,1046,2s
2026-03-11T02:38:30.446Z,CS.D.EURUSD.MINI.IP,1.16188,1.16194,1.16191,1054,2s
2026-03-11T02:38:30.705Z,CS.D.GBPUSD.MINI.IP,1.34365,1.3438,1.343725,641,2s
2026-03-11T02:38:30.759Z,CS.D.GBPUSD.MINI.IP,1.34365,1.3438,1.343725,719,2s
2026-03-11T02:38:33.117Z,CS.D.EURUSD.MINI.IP,1.16188,1.16194,1.16191,802,2s
2026-03-11T02:38:33.339Z,CS.D.EURUSD.MINI.IP,1.16189,1.16195,1.16192,279,2s
2026-03-11T02:38:33.448Z,CS.D.EURUSD.MINI.IP,1.16189,1.16195,1.16192,1054,2s
2026-03-11T02:38:33.450Z,CS.D.GBPUSD.MINI.IP,1.34364,1.34379,1.343715,377,2s
2026-03-11T02:38:33.685Z,CS.D.GBPUSD.MINI.IP,1.34364,1.34379,1.343715,157,2s
2026-03-11T02:38:33.797Z,CS.D.GBPUSD.MINI.IP,1.34364,1.34379,1.343715,336,2s
2026-03-11T02:38:36.122Z,CS.D.EURUSD.MINI.IP,1.16189,1.16195,1.16192,423,2s
2026-03-11T02:38:36.389Z,CS.D.EURUSD.MINI.IP,1.16189,1.16195,1.16192,510,2s
2026-03-11T02:38:36.444Z,CS.D.GBPUSD.MINI.IP,1.34365,1.3438,1.343725,245,2s
2026-03-11T02:38:36.449Z,CS.D.EURUSD.MINI.IP,1.16189,1.16195,1.16192,381,2s
2026-03-11T02:38:36.729Z,CS.D.GBPUSD.MINI.IP,1.34365,1.3438,1.343725,688,2s
2026-03-11T02:38:36.790Z,CS.D.GBPUSD.MINI.IP,1.34365,1.3438,1.343725,287,2s
2026-03-11T02:38:39.141Z,CS.D.EURUSD.MINI.IP,1.1619,1.16196,1.16193,771,2s
2026-03-11T02:38:39.417Z,CS.D.EURUSD.MINI.IP,1.1619,1.16196,1.16193,213,2s
2026-03-11T02:38:39.468Z,CS.D.EURUSD.MINI.IP,1.1619,1.16196,1.16193,155,2s
2026-03-11T02:38:39.482Z,CS.D.GBPUSD.MINI.IP,1.34364,1.34379,1.343715,619,2s
2026-03-11T02:38:39.752Z,CS.D.GBPUSD.MINI.IP,1.34364,1.34379,1.343715,288,2s
2026-03-11T02:38:39.825Z,CS.D.GBPUSD.MINI.IP,1.34364,1.34379,1.343715,837,2s
2026-03-11T02:39:27.492Z,CS.D.EURUSD.MINI.IP,1.16186,1.16192,1.16189,537,2s
2026-03-11T02:39:27.604Z,CS.D.EURUSD.MINI.IP,1.16186,1.16192,1.16189,157,2s
2026-03-11T02:39:27.629Z,CS.D.GBPUSD.MINI.IP,1.34366,1.34381,1.3437350000000001,854,2s
2026-03-11T02:39:27.830Z,CS.D.GBPUSD.MINI.IP,1.34366,1.34381,1.3437350000000001,716,2s
2026-03-11T02:39:27.945Z,CS.D.GBPUSD.MINI.IP,1.34366,1.34381,1.3437350000000001,599,2s
2026-03-11T02:39:30.273Z,CS.D.EURUSD.MINI.IP,1.16191,1.162,1.1619549999999998,490,2s
2026-03-11T02:39:30.466Z,CS.D.EURUSD.MINI.IP,1.16191,1.162,1.1619549999999998,550,2s
2026-03-11T02:39:30.591Z,CS.D.GBPUSD.MINI.IP,1.34373,1.34388,1.3438050000000001,210,2s
2026-03-11T02:39:30.605Z,CS.D.EURUSD.MINI.IP,1.16189,1.16198,1.1619350000000002,847,2s
2026-03-11T02:39:30.856Z,CS.D.GBPUSD.MINI.IP,1.34373,1.34388,1.3438050000000001,216,2s
2026-03-11T02:39:30.929Z,CS.D.GBPUSD.MINI.IP,1.34373,1.34388,1.3438050000000001,1007,2s
2026-03-11T02:39:33.291Z,CS.D.EURUSD.MINI.IP,1.16189,1.16198,1.1619350000000002,958,2s
2026-03-11T02:39:33.460Z,CS.D.EURUSD.MINI.IP,1.16189,1.16198,1.1619350000000002,750,2s
2026-03-11T02:39:33.614Z,CS.D.EURUSD.MINI.IP,1.16189,1.16198,1.1619350000000002,1042,2s
2026-03-11T02:39:33.629Z,CS.D.GBPUSD.MINI.IP,1.34373,1.34388,1.3438050000000001,974,2s
2026-03-11T02:39:33.794Z,CS.D.GBPUSD.MINI.IP,1.34373,1.34388,1.3438050000000001,670,2s
2026-03-11T02:39:33.980Z,CS.D.GBPUSD.MINI.IP,1.34373,1.34388,1.3438050000000001,905,2s
2026-03-11T02:39:36.289Z,CS.D.EURUSD.MINI.IP,1.1619,1.16199,1.161945,860,2s
2026-03-11T02:39:36.497Z,CS.D.EURUSD.MINI.IP,1.1619,1.16199,1.161945,225,2s
2026-03-11T02:39:36.604Z,CS.D.EURUSD.MINI.IP,1.1619,1.16199,1.161945,839,2s
2026-03-11T02:39:36.633Z,CS.D.GBPUSD.MINI.IP,1.34373,1.34388,1.3438050000000001,394,2s
2026-03-11T02:39:36.845Z,CS.D.GBPUSD.MINI.IP,1.34373,1.34388,1.3438050000000001,805,2s
2026-03-11T02:39:36.921Z,CS.D.GBPUSD.MINI.IP,1.34373,1.34388,1.3438050000000001,312,2s
2026-03-11T02:39:39.299Z,CS.D.EURUSD.MINI.IP,1.16189,1.16198,1.1619350000000002,384,2s
2026-03-11T02:39:39.481Z,CS.D.EURUSD.MINI.IP,1.16189,1.16198,1.1619350000000002,710,2s
2026-03-11T02:39:39.614Z,CS.D.EURUSD.MINI.IP,1.16189,1.16198,1.1619350000000002,530,2s
2026-03-11T02:39:39.632Z,CS.D.GBPUSD.MINI.IP,1.34373,1.34388,1.3438050000000001,770,2s
2026-03-11T02:39:39.808Z,CS.D.GBPUSD.MINI.IP,1.34373,1.34388,1.3438050000000001,858,2s
2026-03-11T02:39:39.955Z,CS.D.GBPUSD.MINI.IP,1.34373,1.34388,1.3438050000000001,240,2s
2026-03-11T02:40:27.607Z,CS.D.EURUSD.MINI.IP,1.16185,1.16194,1.161895,649,2s
2026-03-11T02:40:27.720Z,CS.D.EURUSD.MINI.IP,1.16185,1.16194,1.161895,468,2s
2026-03-11T02:40:27.722Z,CS.D.GBPUSD.MINI.IP,1.3436,1.34375,1.343675,801,2s
2026-03-11T02:40:27.954Z,CS.D.GBPUSD.MINI.IP,1.3436,1.34375,1.343675,338,2s
2026-03-11T02:40:28.056Z,CS.D.GBPUSD.MINI.IP,1.3436,1.34375,1.343675,462,2s
2026-03-11T02:40:30.408Z,CS.D.EURUSD.MINI.IP,1.16185,1.16194,1.161895,712,2s
2026-03-11T02:40:30.602Z,CS.D.EURUSD.MINI.IP,1.16184,1.16193,1.1618849999999998,505,2s
2026-03-11T02:40:30.724Z,CS.D.EURUSD.MINI.IP,1.16184,1.16193,1.1618849999999998,480,2s
2026-03-11T02:40:30.726Z,CS.D.GBPUSD.MINI.IP,1.34359,1.34374,1.343665,434,2s
2026-03-11T02:40:30.934Z,CS.D.GBPUSD.MINI.IP,1.34359,1.34374,1.343665,801,2s
2026-03-11T02:40:31.050Z,CS.D.GBPUSD.MINI.IP,1.34359,1.34374,1.343665,796,2s
2026-03-11T02:40:33.405Z,CS.D.EURUSD.MINI.IP,1.16184,1.16193,1.1618849999999998,924,2s
2026-03-11T02:40:33.748Z,CS.D.GBPUSD.MINI.IP,1.3437,1.34379,1.343745,699,2s
2026-03-11T02:40:34.096Z,CS.D.EURUSD.MINI.IP,1.16188,1.16194,1.16191,936,2s
2026-03-11T02:40:34.098Z,CS.D.EURUSD.MINI.IP,1.16188,1.16194,1.16191,701,2s
2026-03-11T02:40:34.443Z,CS.D.GBPUSD.MINI.IP,1.3437,1.34379,1.343745,926,2s
2026-03-11T02:40:34.445Z,CS.D.GBPUSD.MINI.IP,1.3437,1.34379,1.343745,556,2s
2026-03-11T02:40:36.422Z,CS.D.EURUSD.MINI.IP,1.16188,1.16194,1.16191,991,2s
2026-03-11T02:40:36.589Z,CS.D.EURUSD.MINI.IP,1.16187,1.16193,1.1619,602,2s
2026-03-11T02:40:36.728Z,CS.D.EURUSD.MINI.IP,1.16187,1.16193,1.1619,237,2s
2026-03-11T02:40:36.742Z,CS.D.GBPUSD.MINI.IP,1.34363,1.34378,1.343705,526,2s
2026-03-11T02:40:36.918Z,CS.D.GBPUSD.MINI.IP,1.34363,1.34378,1.343705,299,2s
2026-03-11T02:40:37.044Z,CS.D.GBPUSD.MINI.IP,1.34363,1.34378,1.343705,842,2s
2026-03-11T02:40:39.430Z,CS.D.EURUSD.MINI.IP,1.16187,1.16193,1.1619,811,2s
2026-03-11T02:40:39.618Z,CS.D.EURUSD.MINI.IP,1.16187,1.16193,1.1619,624,2s
2026-03-11T02:40:39.735Z,CS.D.EURUSD.MINI.IP,1.16187,1.16193,1.1619,946,2s
2026-03-11T02:41:27.714Z,CS.D.EURUSD.MINI.IP,1.16192,1.16201,1.161965,272,2s
2026-03-11T02:41:27.848Z,CS.D.EURUSD.MINI.IP,1.16192,1.16201,1.161965,464,2s
2026-03-11T02:41:27.893Z,CS.D.GBPUSD.MINI.IP,1.34372,1.34387,1.343795,605,2s
2026-03-11T02:41:28.044Z,CS.D.GBPUSD.MINI.IP,1.34372,1.34387,1.343795,323,2s
2026-03-11T02:41:28.202Z,CS.D.GBPUSD.MINI.IP,1.34372,1.34387,1.343795,248,2s
2026-03-11T02:41:30.644Z,CS.D.EURUSD.MINI.IP,1.16197,1.16206,1.162015,366,2s
2026-03-11T02:41:30.748Z,CS.D.EURUSD.MINI.IP,1.16197,1.16206,1.162015,339,2s
2026-03-11T02:41:30.868Z,CS.D.EURUSD.MINI.IP,1.16197,1.16206,1.162015,1071,2s
2026-03-11T02:41:30.973Z,CS.D.GBPUSD.MINI.IP,1.34379,1.34388,1.343835,714,2s
2026-03-11T02:41:31.078Z,CS.D.GBPUSD.MINI.IP,1.34379,1.34388,1.343835,593,2s
2026-03-11T02:41:31.206Z,CS.D.GBPUSD.MINI.IP,1.34379,1.34388,1.343835,962,2s
2026-03-11T02:41:33.621Z,CS.D.EURUSD.MINI.IP,1.16202,1.16211,1.1620650000000001,174,2s
2026-03-11T02:41:33.754Z,CS.D.EURUSD.MINI.IP,1.16202,1.16211,1.1620650000000001,1088,2s
2026-03-11T02:41:33.881Z,CS.D.EURUSD.MINI.IP,1.16202,1.16211,1.1620650000000001,478,2s
2026-03-11T02:41:33.953Z,CS.D.GBPUSD.MINI.IP,1.34378,1.34387,1.3438249999999998,315,2s
2026-03-11T02:41:34.086Z,CS.D.GBPUSD.MINI.IP,1.34378,1.34387,1.3438249999999998,872,2s
2026-03-11T02:41:34.214Z,CS.D.GBPUSD.MINI.IP,1.34378,1.34387,1.3438249999999998,383,2s
2026-03-11T02:41:36.646Z,CS.D.EURUSD.MINI.IP,1.16199,1.16208,1.162035,171,2s
2026-03-11T02:41:36.880Z,CS.D.EURUSD.MINI.IP,1.16199,1.16208,1.162035,467,2s
2026-03-11T02:41:37.099Z,CS.D.GBPUSD.MINI.IP,1.34379,1.34388,1.343835,1038,2s
2026-03-11T02:41:37.338Z,CS.D.GBPUSD.MINI.IP,1.34379,1.34388,1.343835,180,2s
2026-03-11T02:41:37.356Z,CS.D.EURUSD.MINI.IP,1.16199,1.16208,1.162035,370,2s
2026-03-11T02:41:37.693Z,CS.D.GBPUSD.MINI.IP,1.34375,1.34384,1.343795,579,2s
2026-03-11T02:41:39.607Z,CS.D.EURUSD.MINI.IP,1.16197,1.16206,1.162015,482,2s
2026-03-11T02:41:39.760Z,CS.D.EURUSD.MINI.IP,1.16197,1.16206,1.162015,499,2s
2026-03-11T02:41:39.895Z,CS.D.EURUSD.MINI.IP,1.16198,1.16207,1.1620249999999999,431,2s
2026-03-11T02:41:39.934Z,CS.D.GBPUSD.MINI.IP,1.34375,1.34384,1.343795,747,2s
2026-03-11T02:41:40.117Z,CS.D.GBPUSD.MINI.IP,1.34375,1.34384,1.343795,768,2s
2026-03-11T02:41:40.248Z,CS.D.GBPUSD.MINI.IP,1.34375,1.34384,1.343795,558,2s
2026-03-11T02:42:27.907Z,CS.D.EURUSD.MINI.IP,1.16203,1.16212,1.162075,620,2s
2026-03-11T02:42:28.015Z,CS.D.EURUSD.MINI.IP,1.16203,1.16212,1.162075,895,2s
2026-03-11T02:42:28.045Z,CS.D.GBPUSD.MINI.IP,1.34384,1.34393,1.343885,690,2s
2026-03-11T02:42:28.235Z,CS.D.GBPUSD.MINI.IP,1.34384,1.34393,1.343885,366,2s
2026-03-11T02:42:28.342Z,CS.D.GBPUSD.MINI.IP,1.34384,1.34393,1.343885,944,2s
2026-03-11T02:42:30.709Z,CS.D.EURUSD.MINI.IP,1.162,1.16209,1.162045,615,2s
2026-03-11T02:42:30.868Z,CS.D.EURUSD.MINI.IP,1.162,1.16209,1.162045,452,2s
2026-03-11T02:42:31.024Z,CS.D.GBPUSD.MINI.IP,1.34385,1.34394,1.3438949999999998,784,2s
2026-03-11T02:42:31.130Z,CS.D.EURUSD.MINI.IP,1.162,1.16209,1.162045,182,2s
2026-03-11T02:42:31.246Z,CS.D.GBPUSD.MINI.IP,1.34385,1.34394,1.3438949999999998,966,2s
2026-03-11T02:42:31.718Z,CS.D.GBPUSD.MINI.IP,1.34385,1.34394,1.3438949999999998,977,2s
2026-03-11T02:42:33.826Z,CS.D.EURUSD.MINI.IP,1.162,1.16209,1.162045,884,2s
2026-03-11T02:42:33.951Z,CS.D.EURUSD.MINI.IP,1.162,1.16209,1.162045,587,2s
2026-03-11T02:42:34.044Z,CS.D.EURUSD.MINI.IP,1.162,1.16209,1.162045,437,2s
2026-03-11T02:42:34.175Z,CS.D.GBPUSD.MINI.IP,1.34385,1.34394,1.3438949999999998,216,2s
2026-03-11T02:42:34.374Z,CS.D.GBPUSD.MINI.IP,1.34385,1.34394,1.3438949999999998,919,2s
2026-03-11T02:42:34.390Z,CS.D.GBPUSD.MINI.IP,1.34384,1.34393,1.343885,649,2s
2026-03-11T02:42:36.730Z,CS.D.EURUSD.MINI.IP,1.16202,1.16211,1.1620650000000001,857,2s
2026-03-11T02:42:36.875Z,CS.D.EURUSD.MINI.IP,1.16202,1.16211,1.1620650000000001,575,2s
2026-03-11T02:42:37.025Z,CS.D.EURUSD.MINI.IP,1.16202,1.16211,1.1620650000000001,657,2s
2026-03-11T02:42:37.057Z,CS.D.GBPUSD.MINI.IP,1.34391,1.344,1.343955,720,2s
2026-03-11T02:42:37.229Z,CS.D.GBPUSD.MINI.IP,1.34391,1.344,1.343955,100,2s
2026-03-11T02:42:37.351Z,CS.D.GBPUSD.MINI.IP,1.34391,1.344,1.343955,812,2s
2026-03-11T02:42:39.737Z,CS.D.EURUSD.MINI.IP,1.16205,1.16214,1.1620949999999999,402,2s
2026-03-11T02:42:39.871Z,CS.D.EURUSD.MINI.IP,1.16205,1.16214,1.1620949999999999,582,2s
2026-03-11T02:42:40.046Z,CS.D.EURUSD.MINI.IP,1.16205,1.16214,1.1620949999999999,137,2s
2026-03-11T02:42:40.069Z,CS.D.GBPUSD.MINI.IP,1.34391,1.344,1.343955,969,2s
2026-03-11T02:42:40.200Z,CS.D.GBPUSD.MINI.IP,1.34391,1.344,1.343955,953,2s
2026-03-11T02:42:40.387Z,CS.D.GBPUSD.MINI.IP,1.34391,1.344,1.343955,713,2s
2026-03-11T02:43:28.001Z,CS.D.EURUSD.MINI.IP,1.16207,1.16216,1.162115,395,2s
2026-03-11T02:43:28.152Z,CS.D.EURUSD.MINI.IP,1.16207,1.16216,1.162115,230,2s
2026-03-11T02:43:28.189Z,CS.D.GBPUSD.MINI.IP,1.34396,1.34405,1.3440050000000001,355,2s
2026-03-11T02:43:28.380Z,CS.D.GBPUSD.MINI.IP,1.34396,1.34405,1.3440050000000001,729,2s
2026-03-11T02:43:28.497Z,CS.D.GBPUSD.MINI.IP,1.34396,1.34405,1.3440050000000001,962,2s
2026-03-11T02:43:30.867Z,CS.D.EURUSD.MINI.IP,1.16206,1.16215,1.162105,112,2s
2026-03-11T02:43:31.004Z,CS.D.EURUSD.MINI.IP,1.16206,1.16215,1.162105,338,2s
2026-03-11T02:43:31.149Z,CS.D.EURUSD.MINI.IP,1.16206,1.16215,1.162105,811,2s
2026-03-11T02:43:31.212Z,CS.D.GBPUSD.MINI.IP,1.34393,1.34402,1.343975,521,2s
2026-03-11T02:43:31.365Z,CS.D.GBPUSD.MINI.IP,1.34393,1.34402,1.343975,972,2s
2026-03-11T02:43:31.499Z,CS.D.GBPUSD.MINI.IP,1.34393,1.34402,1.343975,379,2s
2026-03-11T02:43:33.908Z,CS.D.EURUSD.MINI.IP,1.16207,1.16216,1.162115,325,2s
2026-03-11T02:43:34.030Z,CS.D.EURUSD.MINI.IP,1.16207,1.16216,1.162115,397,2s
2026-03-11T02:43:34.184Z,CS.D.EURUSD.MINI.IP,1.16207,1.16216,1.162115,255,2s
2026-03-11T02:43:34.249Z,CS.D.GBPUSD.MINI.IP,1.34393,1.34402,1.343975,747,2s
2026-03-11T02:43:34.350Z,CS.D.GBPUSD.MINI.IP,1.34393,1.34402,1.343975,821,2s
2026-03-11T02:43:34.518Z,CS.D.GBPUSD.MINI.IP,1.34393,1.34402,1.343975,694,2s
2026-03-11T02:43:36.894Z,CS.D.EURUSD.MINI.IP,1.16211,1.1622,1.1621549999999998,144,2s
2026-03-11T02:43:37.040Z,CS.D.EURUSD.MINI.IP,1.16211,1.1622,1.1621549999999998,585,2s
2026-03-11T02:43:37.159Z,CS.D.EURUSD.MINI.IP,1.16211,1.1622,1.1621549999999998,112,2s
2026-03-11T02:43:37.242Z,CS.D.GBPUSD.MINI.IP,1.34402,1.34411,1.344065,365,2s
2026-03-11T02:43:37.406Z,CS.D.GBPUSD.MINI.IP,1.34402,1.34411,1.344065,288,2s
2026-03-11T02:43:37.492Z,CS.D.GBPUSD.MINI.IP,1.34402,1.34411,1.344065,130,2s
2026-03-11T02:43:39.904Z,CS.D.EURUSD.MINI.IP,1.1621,1.16219,1.162145,593,2s
2026-03-11T02:43:40.039Z,CS.D.EURUSD.MINI.IP,1.1621,1.16219,1.162145,528,2s
2026-03-11T02:43:40.153Z,CS.D.EURUSD.MINI.IP,1.1621,1.16219,1.162145,280,2s
2026-03-11T02:43:40.234Z,CS.D.GBPUSD.MINI.IP,1.34402,1.34411,1.344065,310,2s
2026-03-11T02:43:40.387Z,CS.D.GBPUSD.MINI.IP,1.34402,1.34411,1.344065,771,2s
2026-03-11T02:43:40.492Z,CS.D.GBPUSD.MINI.IP,1.34402,1.34411,1.344065,646,2s
2026-03-11T02:44:28.032Z,CS.D.EURUSD.MINI.IP,1.16219,1.16228,1.162235,871,2s
2026-03-11T02:44:28.163Z,CS.D.EURUSD.MINI.IP,1.16219,1.16228,1.162235,203,2s
2026-03-11T02:44:28.294Z,CS.D.EURUSD.MINI.IP,1.16221,1.1623,1.162255,607,2s
2026-03-11T02:44:28.364Z,CS.D.GBPUSD.MINI.IP,1.34401,1.34416,1.344085,1040,2s
2026-03-11T02:44:28.500Z,CS.D.GBPUSD.MINI.IP,1.34401,1.34416,1.344085,443,2s
2026-03-11T02:44:28.638Z,CS.D.GBPUSD.MINI.IP,1.34401,1.34416,1.344085,625,2s
2026-03-11T02:44:31.038Z,CS.D.EURUSD.MINI.IP,1.16222,1.16231,1.162265,1044,2s
2026-03-11T02:44:31.222Z,CS.D.EURUSD.MINI.IP,1.16222,1.16231,1.162265,543,2s
2026-03-11T02:44:31.279Z,CS.D.EURUSD.MINI.IP,1.16222,1.16231,1.162265,318,2s
2026-03-11T02:44:31.367Z,CS.D.GBPUSD.MINI.IP,1.344,1.34415,1.3440750000000001,525,2s
2026-03-11T02:44:31.608Z,CS.D.GBPUSD.MINI.IP,1.344,1.34415,1.3440750000000001,536,2s
2026-03-11T02:44:31.615Z,CS.D.GBPUSD.MINI.IP,1.344,1.34415,1.3440750000000001,669,2s
2026-03-11T02:44:34.047Z,CS.D.EURUSD.MINI.IP,1.1622,1.16229,1.162245,504,2s
2026-03-11T02:44:34.370Z,CS.D.GBPUSD.MINI.IP,1.34401,1.34416,1.344085,767,2s
2026-03-11T02:44:34.550Z,CS.D.EURUSD.MINI.IP,1.1622,1.16229,1.162245,645,2s
2026-03-11T02:44:34.605Z,CS.D.EURUSD.MINI.IP,1.1622,1.16229,1.162245,144,2s
2026-03-11T02:44:34.885Z,CS.D.GBPUSD.MINI.IP,1.34404,1.34413,1.344085,487,2s
2026-03-11T02:44:34.973Z,CS.D.GBPUSD.MINI.IP,1.34404,1.34413,1.344085,327,2s
2026-03-11T02:44:37.140Z,CS.D.EURUSD.MINI.IP,1.16224,1.16233,1.162285,956,2s
2026-03-11T02:44:37.197Z,CS.D.EURUSD.MINI.IP,1.16224,1.16233,1.162285,688,2s
2026-03-11T02:44:37.323Z,CS.D.EURUSD.MINI.IP,1.16224,1.16233,1.162285,597,2s
2026-03-11T02:44:37.467Z,CS.D.GBPUSD.MINI.IP,1.34405,1.34414,1.3440949999999998,248,2s
2026-03-11T02:44:37.539Z,CS.D.GBPUSD.MINI.IP,1.34405,1.34414,1.3440949999999998,672,2s
2026-03-11T02:44:37.665Z,CS.D.GBPUSD.MINI.IP,1.34406,1.34415,1.3441049999999999,875,2s
2026-03-11T02:44:40.047Z,CS.D.EURUSD.MINI.IP,1.16224,1.16233,1.162285,469,2s
2026-03-11T02:44:40.263Z,CS.D.EURUSD.MINI.IP,1.16224,1.16233,1.162285,332,2s
2026-03-11T02:45:28.204Z,CS.D.EURUSD.MINI.IP,1.16224,1.16233,1.162285,599,2s
2026-03-11T02:45:28.266Z,CS.D.EURUSD.MINI.IP,1.16224,1.16233,1.162285,811,2s
2026-03-11T02:45:28.490Z,CS.D.EURUSD.MINI.IP,1.16224,1.16233,1.162285,923,2s
2026-03-11T02:45:28.535Z,CS.D.GBPUSD.MINI.IP,1.3441,1.34419,1.3441450000000001,605,2s
2026-03-11T02:45:28.616Z,CS.D.GBPUSD.MINI.IP,1.3441,1.34419,1.3441450000000001,536,2s
2026-03-11T02:45:28.843Z,CS.D.GBPUSD.MINI.IP,1.3441,1.34419,1.3441450000000001,608,2s
2026-03-11T02:45:31.345Z,CS.D.EURUSD.MINI.IP,1.16224,1.16233,1.162285,1069,2s
2026-03-11T02:45:31.424Z,CS.D.EURUSD.MINI.IP,1.16224,1.16233,1.162285,1018,2s
2026-03-11T02:45:31.467Z,CS.D.EURUSD.MINI.IP,1.16224,1.16233,1.162285,184,2s
2026-03-11T02:45:31.681Z,CS.D.GBPUSD.MINI.IP,1.34411,1.3442,1.344155,843,2s
2026-03-11T02:45:31.765Z,CS.D.GBPUSD.MINI.IP,1.34411,1.3442,1.344155,111,2s
2026-03-11T02:45:31.788Z,CS.D.GBPUSD.MINI.IP,1.34411,1.3442,1.344155,346,2s
2026-03-11T02:45:34.328Z,CS.D.EURUSD.MINI.IP,1.16233,1.16242,1.162375,1041,2s
2026-03-11T02:45:34.398Z,CS.D.EURUSD.MINI.IP,1.16233,1.16242,1.162375,202,2s
2026-03-11T02:45:34.498Z,CS.D.EURUSD.MINI.IP,1.16233,1.16242,1.162375,582,2s
2026-03-11T02:45:34.649Z,CS.D.GBPUSD.MINI.IP,1.34412,1.34421,1.3441649999999998,309,2s
2026-03-11T02:45:34.720Z,CS.D.GBPUSD.MINI.IP,1.34412,1.34421,1.3441649999999998,788,2s
2026-03-11T02:45:34.856Z,CS.D.GBPUSD.MINI.IP,1.34412,1.34421,1.3441649999999998,283,2s
2026-03-11T02:45:37.303Z,CS.D.EURUSD.MINI.IP,1.16233,1.16242,1.162375,385,2s
2026-03-11T02:45:37.314Z,CS.D.EURUSD.MINI.IP,1.16233,1.16242,1.162375,1052,2s
2026-03-11T02:45:37.508Z,CS.D.EURUSD.MINI.IP,1.16233,1.16242,1.162375,382,2s
2026-03-11T02:45:37.641Z,CS.D.GBPUSD.MINI.IP,1.34421,1.3443,1.344255,127,2s
2026-03-11T02:45:37.652Z,CS.D.GBPUSD.MINI.IP,1.34421,1.3443,1.344255,485,2s
2026-03-11T02:45:37.843Z,CS.D.GBPUSD.MINI.IP,1.34421,1.3443,1.344255,842,2s
2026-03-11T02:45:40.249Z,CS.D.EURUSD.MINI.IP,1.1624,1.16249,1.162445,1056,2s
2026-03-11T02:45:40.376Z,CS.D.EURUSD.MINI.IP,1.1624,1.16249,1.162445,810,2s
2026-03-11T02:45:40.526Z,CS.D.EURUSD.MINI.IP,1.1624,1.16249,1.162445,999,2s
2026-03-11T02:45:40.592Z,CS.D.GBPUSD.MINI.IP,1.34416,1.34431,1.3442349999999998,878,2s
2026-03-11T02:45:40.718Z,CS.D.GBPUSD.MINI.IP,1.34416,1.34431,1.3442349999999998,1023,2s
2026-03-11T02:46:28.363Z,CS.D.EURUSD.MINI.IP,1.16248,1.16257,1.162525,331,2s
2026-03-11T02:46:28.443Z,CS.D.EURUSD.MINI.IP,1.16248,1.16257,1.162525,261,2s
2026-03-11T02:46:28.767Z,CS.D.EURUSD.MINI.IP,1.16248,1.16257,1.162525,496,2s
2026-03-11T02:46:28.769Z,CS.D.GBPUSD.MINI.IP,1.34443,1.34452,1.344475,267,2s
2026-03-11T02:46:28.798Z,CS.D.GBPUSD.MINI.IP,1.34443,1.34452,1.344475,1072,2s
2026-03-11T02:46:29.096Z,CS.D.GBPUSD.MINI.IP,1.34443,1.34452,1.344475,216,2s
2026-03-11T02:46:31.383Z,CS.D.EURUSD.MINI.IP,1.16253,1.16262,1.162575,122,2s
2026-03-11T02:46:31.446Z,CS.D.EURUSD.MINI.IP,1.16253,1.16262,1.162575,173,2s
2026-03-11T02:46:31.671Z,CS.D.EURUSD.MINI.IP,1.16253,1.16262,1.162575,721,2s
2026-03-11T02:46:31.713Z,CS.D.GBPUSD.MINI.IP,1.34446,1.34455,1.3445049999999998,416,2s
2026-03-11T02:46:31.766Z,CS.D.GBPUSD.MINI.IP,1.34446,1.34455,1.3445049999999998,1008,2s
2026-03-11T02:46:32.006Z,CS.D.GBPUSD.MINI.IP,1.34446,1.34455,1.3445049999999998,126,2s
2026-03-11T02:46:34.404Z,CS.D.EURUSD.MINI.IP,1.16252,1.16261,1.1625649999999998,385,2s
2026-03-11T02:46:34.454Z,CS.D.EURUSD.MINI.IP,1.16252,1.16261,1.1625649999999998,742,2s
2026-03-11T02:46:34.672Z,CS.D.EURUSD.MINI.IP,1.16252,1.16261,1.1625649999999998,1012,2s
2026-03-11T02:46:34.731Z,CS.D.GBPUSD.MINI.IP,1.34445,1.34454,1.344495,543,2s
2026-03-11T02:46:34.771Z,CS.D.GBPUSD.MINI.IP,1.34445,1.34454,1.344495,243,2s
2026-03-11T02:46:35.017Z,CS.D.GBPUSD.MINI.IP,1.34445,1.34454,1.344495,821,2s
2026-03-11T02:46:37.400Z,CS.D.EURUSD.MINI.IP,1.1625,1.16259,1.1625450000000002,827,2s
2026-03-11T02:46:37.616Z,CS.D.EURUSD.MINI.IP,1.1625,1.16259,1.1625450000000002,322,2s
2026-03-11T02:46:37.674Z,CS.D.EURUSD.MINI.IP,1.1625,1.16259,1.1625450000000002,127,2s
2026-03-11T02:46:37.744Z,CS.D.GBPUSD.MINI.IP,1.34446,1.34455,1.3445049999999998,577,2s
2026-03-11T02:46:37.932Z,CS.D.GBPUSD.MINI.IP,1.34446,1.34455,1.3445049999999998,263,2s
2026-03-11T02:46:38.031Z,CS.D.GBPUSD.MINI.IP,1.34446,1.34455,1.3445049999999998,301,2s
2026-03-11T02:46:40.398Z,CS.D.EURUSD.MINI.IP,1.1625,1.16259,1.1625450000000002,271,2s
2026-03-11T02:46:40.471Z,CS.D.EURUSD.MINI.IP,1.1625,1.16259,1.1625450000000002,618,2s
2026-03-11T02:46:40.714Z,CS.D.EURUSD.MINI.IP,1.1625,1.16259,1.1625450000000002,841,2s
2026-03-11T02:46:40.729Z,CS.D.GBPUSD.MINI.IP,1.34447,1.34456,1.344515,928,2s
2026-03-11T02:46:40.816Z,CS.D.GBPUSD.MINI.IP,1.34448,1.34457,1.344525,842,2s
2026-03-11T02:47:28.565Z,CS.D.EURUSD.MINI.IP,1.16262,1.16268,1.16265,1054,2s
2026-03-11T02:47:28.605Z,CS.D.EURUSD.MINI.IP,1.16262,1.16268,1.16265,602,2s
2026-03-11T02:47:28.786Z,CS.D.EURUSD.MINI.IP,1.16261,1.16267,1.1626400000000001,703,2s
2026-03-11T02:47:28.894Z,CS.D.GBPUSD.MINI.IP,1.34451,1.3446,1.3445550000000002,668,2s
2026-03-11T02:47:28.926Z,CS.D.GBPUSD.MINI.IP,1.34451,1.3446,1.3445550000000002,843,2s
2026-03-11T02:47:29.125Z,CS.D.GBPUSD.MINI.IP,1.34451,1.3446,1.3445550000000002,545,2s
2026-03-11T02:47:31.603Z,CS.D.EURUSD.MINI.IP,1.16262,1.16268,1.16265,961,2s
2026-03-11T02:47:31.619Z,CS.D.EURUSD.MINI.IP,1.16262,1.16268,1.16265,684,2s
2026-03-11T02:47:31.804Z,CS.D.EURUSD.MINI.IP,1.16262,1.16268,1.16265,792,2s
2026-03-11T02:47:31.976Z,CS.D.GBPUSD.MINI.IP,1.34452,1.34461,1.344565,944,2s
2026-03-11T02:47:31.982Z,CS.D.GBPUSD.MINI.IP,1.34452,1.34461,1.344565,277,2s
2026-03-11T02:47:32.633Z,CS.D.GBPUSD.MINI.IP,1.34452,1.34461,1.344565,566,2s
2026-03-11T02:47:34.550Z,CS.D.EURUSD.MINI.IP,1.16262,1.16268,1.16265,863,2s
2026-03-11T02:47:34.638Z,CS.D.EURUSD.MINI.IP,1.16262,1.16268,1.16265,586,2s
2026-03-11T02:47:34.798Z,CS.D.EURUSD.MINI.IP,1.16262,1.16268,1.16265,812,2s
2026-03-11T02:47:34.877Z,CS.D.GBPUSD.MINI.IP,1.34451,1.3446,1.3445550000000002,321,2s
2026-03-11T02:47:34.985Z,CS.D.GBPUSD.MINI.IP,1.34451,1.3446,1.3445550000000002,562,2s
2026-03-11T02:47:35.108Z,CS.D.GBPUSD.MINI.IP,1.34451,1.3446,1.3445550000000002,808,2s
2026-03-11T02:47:37.579Z,CS.D.EURUSD.MINI.IP,1.16261,1.16267,1.1626400000000001,829,2s
2026-03-11T02:47:37.618Z,CS.D.EURUSD.MINI.IP,1.16261,1.16267,1.1626400000000001,456,2s
2026-03-11T02:47:37.813Z,CS.D.EURUSD.MINI.IP,1.16261,1.16267,1.1626400000000001,494,2s
2026-03-11T02:47:37.904Z,CS.D.GBPUSD.MINI.IP,1.3445,1.34459,1.344545,220,2s
2026-03-11T02:47:37.934Z,CS.D.GBPUSD.MINI.IP,1.34451,1.3446,1.3445550000000002,814,2s
2026-03-11T02:47:38.138Z,CS.D.GBPUSD.MINI.IP,1.34452,1.34461,1.344565,955,2s
2026-03-11T02:47:40.603Z,CS.D.EURUSD.MINI.IP,1.16262,1.16268,1.16265,362,2s
2026-03-11T02:47:40.637Z,CS.D.EURUSD.MINI.IP,1.16262,1.16268,1.16265,563,2s
2026-03-11T02:47:40.849Z,CS.D.EURUSD.MINI.IP,1.16262,1.16268,1.16265,549,2s
2026-03-11T02:47:40.943Z,CS.D.GBPUSD.MINI.IP,1.34453,1.34462,1.3445749999999999,701,2s
2026-03-11T02:47:40.959Z,CS.D.GBPUSD.MINI.IP,1.34453,1.34462,1.3445749999999999,839,2s
2026-03-11T02:48:28.730Z,CS.D.EURUSD.MINI.IP,1.16268,1.16274,1.1627100000000001,844,2s
2026-03-11T02:48:28.766Z,CS.D.EURUSD.MINI.IP,1.16268,1.16274,1.1627100000000001,897,2s
2026-03-11T02:48:28.896Z,CS.D.EURUSD.MINI.IP,1.16268,1.16274,1.1627100000000001,540,2s
2026-03-11T02:48:29.078Z,CS.D.GBPUSD.MINI.IP,1.3446,1.34469,1.3446449999999999,110,2s
2026-03-11T02:48:29.105Z,CS.D.GBPUSD.MINI.IP,1.3446,1.34469,1.3446449999999999,647,2s
2026-03-11T02:48:29.237Z,CS.D.GBPUSD.MINI.IP,1.3446,1.34469,1.3446449999999999,514,2s
2026-03-11T02:48:31.728Z,CS.D.EURUSD.MINI.IP,1.1626,1.16269,1.162645,835,2s
2026-03-11T02:48:31.760Z,CS.D.EURUSD.MINI.IP,1.1626,1.16269,1.162645,973,2s
2026-03-11T02:48:31.918Z,CS.D.EURUSD.MINI.IP,1.1626,1.16269,1.162645,299,2s
2026-03-11T02:48:32.072Z,CS.D.GBPUSD.MINI.IP,1.34452,1.34461,1.344565,504,2s
2026-03-11T02:48:32.092Z,CS.D.GBPUSD.MINI.IP,1.34452,1.34461,1.344565,243,2s
2026-03-11T02:48:32.232Z,CS.D.GBPUSD.MINI.IP,1.34452,1.34461,1.344565,236,2s
2026-03-11T02:48:35.217Z,CS.D.EURUSD.MINI.IP,1.16261,1.16267,1.1626400000000001,658,2s
2026-03-11T02:48:35.219Z,CS.D.EURUSD.MINI.IP,1.16261,1.16267,1.1626400000000001,785,2s
2026-03-11T02:48:35.254Z,CS.D.EURUSD.MINI.IP,1.16261,1.16267,1.1626400000000001,326,2s
2026-03-11T02:48:35.566Z,CS.D.GBPUSD.MINI.IP,1.3445,1.34459,1.344545,174,2s
2026-03-11T02:48:35.573Z,CS.D.GBPUSD.MINI.IP,1.3445,1.34459,1.344545,824,2s
2026-03-11T02:48:35.593Z,CS.D.GBPUSD.MINI.IP,1.3445,1.34459,1.344545,431,2s
2026-03-11T02:48:37.712Z,CS.D.EURUSD.MINI.IP,1.1626,1.16266,1.16263,532,2s
2026-03-11T02:48:37.794Z,CS.D.EURUSD.MINI.IP,1.1626,1.16266,1.16263,256,2s
2026-03-11T02:48:37.945Z,CS.D.EURUSD.MINI.IP,1.1626,1.16266,1.16263,395,2s
2026-03-11T02:48:38.026Z,CS.D.GBPUSD.MINI.IP,1.3445,1.34459,1.344545,349,2s
2026-03-11T02:48:38.128Z,CS.D.GBPUSD.MINI.IP,1.3445,1.34459,1.344545,117,2s
2026-03-11T02:48:38.335Z,CS.D.GBPUSD.MINI.IP,1.3445,1.34459,1.344545,500,2s
2026-03-11T02:48:40.732Z,CS.D.EURUSD.MINI.IP,1.16258,1.16267,1.162625,760,2s
2026-03-11T02:49:28.872Z,CS.D.EURUSD.MINI.IP,1.16273,1.16282,1.162775,444,2s
2026-03-11T02:49:28.924Z,CS.D.EURUSD.MINI.IP,1.16273,1.16282,1.162775,201,2s
2026-03-11T02:49:29.042Z,CS.D.EURUSD.MINI.IP,1.16273,1.16282,1.162775,723,2s
2026-03-11T02:49:29.210Z,CS.D.GBPUSD.MINI.IP,1.34464,1.34473,1.3446850000000001,629,2s
2026-03-11T02:49:29.248Z,CS.D.GBPUSD.MINI.IP,1.34464,1.34473,1.3446850000000001,1008,2s
2026-03-11T02:49:29.369Z,CS.D.GBPUSD.MINI.IP,1.34464,1.34473,1.3446850000000001,209,2s
2026-03-11T02:49:31.854Z,CS.D.EURUSD.MINI.IP,1.16273,1.16282,1.162775,723,2s
2026-03-11T02:49:31.917Z,CS.D.EURUSD.MINI.IP,1.16273,1.16282,1.162775,814,2s
2026-03-11T02:49:32.019Z,CS.D.EURUSD.MINI.IP,1.16273,1.16282,1.162775,1013,2s
2026-03-11T02:49:32.205Z,CS.D.GBPUSD.MINI.IP,1.34462,1.34471,1.344665,354,2s
2026-03-11T02:49:32.255Z,CS.D.GBPUSD.MINI.IP,1.34462,1.34471,1.344665,795,2s
2026-03-11T02:49:32.348Z,CS.D.GBPUSD.MINI.IP,1.34462,1.34471,1.344665,117,2s
2026-03-11T02:49:34.872Z,CS.D.EURUSD.MINI.IP,1.16269,1.16278,1.162735,243,2s
2026-03-11T02:49:34.925Z,CS.D.EURUSD.MINI.IP,1.16269,1.16278,1.162735,156,2s
2026-03-11T02:49:35.071Z,CS.D.EURUSD.MINI.IP,1.16269,1.16278,1.162735,530,2s
2026-03-11T02:49:35.197Z,CS.D.GBPUSD.MINI.IP,1.3446,1.34469,1.3446449999999999,533,2s
2026-03-11T02:49:35.260Z,CS.D.GBPUSD.MINI.IP,1.3446,1.34469,1.3446449999999999,541,2s
2026-03-11T02:49:35.395Z,CS.D.GBPUSD.MINI.IP,1.34458,1.34467,1.3446250000000002,263,2s
2026-03-11T02:49:37.890Z,CS.D.EURUSD.MINI.IP,1.16272,1.16281,1.1627649999999998,584,2s
2026-03-11T02:49:37.930Z,CS.D.EURUSD.MINI.IP,1.16272,1.16281,1.1627649999999998,158,2s
2026-03-11T02:49:38.151Z,CS.D.EURUSD.MINI.IP,1.16272,1.16281,1.1627649999999998,1040,2s
2026-03-11T02:49:38.332Z,CS.D.GBPUSD.MINI.IP,1.34462,1.34471,1.344665,484,2s
2026-03-11T02:49:38.356Z,CS.D.GBPUSD.MINI.IP,1.34462,1.34471,1.344665,488,2s
2026-03-11T02:49:38.488Z,CS.D.GBPUSD.MINI.IP,1.34462,1.34471,1.344665,268,2s
2026-03-11T02:49:40.887Z,CS.D.EURUSD.MINI.IP,1.16272,1.16281,1.1627649999999998,761,2s
2026-03-11T02:49:40.931Z,CS.D.EURUSD.MINI.IP,1.16272,1.16281,1.1627649999999998,638,2s
2026-03-11T02:49:41.064Z,CS.D.EURUSD.MINI.IP,1.16272,1.16281,1.1627649999999998,700,2s
2026-03-11T02:49:41.239Z,CS.D.GBPUSD.MINI.IP,1.34462,1.34471,1.344665,675,2s
2026-03-11T02:49:41.248Z,CS.D.GBPUSD.MINI.IP,1.34462,1.34471,1.344665,471,2s
2026-03-11T02:50:28.963Z,CS.D.EURUSD.MINI.IP,1.16279,1.16288,1.1628349999999998,1009,2s
2026-03-11T02:50:29.065Z,CS.D.EURUSD.MINI.IP,1.16279,1.16288,1.1628349999999998,635,2s
2026-03-11T02:50:29.120Z,CS.D.EURUSD.MINI.IP,1.16279,1.16288,1.1628349999999998,562,2s
2026-03-11T02:50:29.288Z,CS.D.GBPUSD.MINI.IP,1.34466,1.34475,1.3447049999999998,253,2s
2026-03-11T02:50:29.406Z,CS.D.GBPUSD.MINI.IP,1.34466,1.34475,1.3447049999999998,947,2s
2026-03-11T02:50:29.456Z,CS.D.GBPUSD.MINI.IP,1.34466,1.34475,1.3447049999999998,652,2s
2026-03-11T02:50:31.966Z,CS.D.EURUSD.MINI.IP,1.16279,1.16288,1.1628349999999998,497,2s
2026-03-11T02:50:32.090Z,CS.D.EURUSD.MINI.IP,1.16279,1.16288,1.1628349999999998,301,2s
2026-03-11T02:50:32.285Z,CS.D.EURUSD.MINI.IP,1.16279,1.16288,1.1628349999999998,408,2s
2026-03-11T02:50:32.370Z,CS.D.GBPUSD.MINI.IP,1.34467,1.34476,1.3447149999999999,1089,2s
2026-03-11T02:50:32.428Z,CS.D.GBPUSD.MINI.IP,1.34467,1.34476,1.3447149999999999,943,2s
2026-03-11T02:50:32.626Z,CS.D.GBPUSD.MINI.IP,1.34467,1.34476,1.3447149999999999,324,2s
2026-03-11T02:50:34.968Z,CS.D.EURUSD.MINI.IP,1.16278,1.16287,1.162825,938,2s
2026-03-11T02:50:35.094Z,CS.D.EURUSD.MINI.IP,1.16278,1.16287,1.162825,136,2s
2026-03-11T02:50:35.136Z,CS.D.EURUSD.MINI.IP,1.16278,1.16287,1.162825,577,2s
2026-03-11T02:50:35.301Z,CS.D.GBPUSD.MINI.IP,1.34467,1.34476,1.3447149999999999,204,2s
2026-03-11T02:50:35.404Z,CS.D.GBPUSD.MINI.IP,1.34466,1.34475,1.3447049999999998,283,2s
2026-03-11T02:50:35.470Z,CS.D.GBPUSD.MINI.IP,1.34466,1.34475,1.3447049999999998,718,2s
2026-03-11T02:50:37.980Z,CS.D.EURUSD.MINI.IP,1.16277,1.16286,1.1628150000000002,205,2s
2026-03-11T02:50:38.104Z,CS.D.EURUSD.MINI.IP,1.16276,1.16285,1.162805,530,2s
2026-03-11T02:50:38.145Z,CS.D.EURUSD.MINI.IP,1.16276,1.16285,1.162805,379,2s
2026-03-11T02:50:38.321Z,CS.D.GBPUSD.MINI.IP,1.3447,1.34479,1.344745,793,2s
2026-03-11T02:50:38.433Z,CS.D.GBPUSD.MINI.IP,1.3447,1.34479,1.344745,675,2s
2026-03-11T02:50:38.535Z,CS.D.GBPUSD.MINI.IP,1.3447,1.34479,1.344745,1055,2s
2026-03-11T02:50:41.110Z,CS.D.EURUSD.MINI.IP,1.16275,1.16284,1.162795,669,2s
2026-03-11T02:50:41.116Z,CS.D.EURUSD.MINI.IP,1.16275,1.16284,1.162795,226,2s
2026-03-11T02:50:41.169Z,CS.D.EURUSD.MINI.IP,1.16275,1.16284,1.162795,1097,2s
2026-03-11T02:50:41.449Z,CS.D.GBPUSD.MINI.IP,1.3447,1.34479,1.344745,762,2s
2026-03-11T02:50:41.453Z,CS.D.GBPUSD.MINI.IP,1.3447,1.34479,1.344745,107,2s
2026-03-11T02:51:29.121Z,CS.D.EURUSD.MINI.IP,1.16287,1.16296,1.162915,990,2s
2026-03-11T02:51:29.151Z,CS.D.EURUSD.MINI.IP,1.16287,1.16296,1.162915,794,2s
2026-03-11T02:51:29.268Z,CS.D.EURUSD.MINI.IP,1.16287,1.16296,1.162915,901,2s
2026-03-11T02:51:29.458Z,CS.D.GBPUSD.MINI.IP,1.34482,1.34491,1.344865,197,2s
2026-03-11T02:51:29.478Z,CS.D.GBPUSD.MINI.IP,1.34482,1.34491,1.344865,479,2s
2026-03-11T02:51:29.645Z,CS.D.GBPUSD.MINI.IP,1.34482,1.34491,1.344865,446,2s
2026-03-11T02:51:32.139Z,CS.D.EURUSD.MINI.IP,1.16285,1.16294,1.162895,532,2s
2026-03-11T02:51:32.172Z,CS.D.EURUSD.MINI.IP,1.16285,1.16294,1.162895,538,2s
2026-03-11T02:51:32.326Z,CS.D.EURUSD.MINI.IP,1.16285,1.16294,1.162895,846,2s
2026-03-11T02:51:32.490Z,CS.D.GBPUSD.MINI.IP,1.34479,1.34488,1.344835,574,2s
2026-03-11T02:51:32.527Z,CS.D.GBPUSD.MINI.IP,1.34479,1.34488,1.344835,912,2s
2026-03-11T02:51:32.693Z,CS.D.GBPUSD.MINI.IP,1.34479,1.34488,1.344835,164,2s
2026-03-11T02:51:35.189Z,CS.D.EURUSD.MINI.IP,1.16288,1.16297,1.162925,393,2s
2026-03-11T02:51:35.251Z,CS.D.EURUSD.MINI.IP,1.16288,1.16297,1.162925,828,2s
2026-03-11T02:51:35.320Z,CS.D.EURUSD.MINI.IP,1.16288,1.16297,1.162925,1071,2s
2026-03-11T02:51:35.519Z,CS.D.GBPUSD.MINI.IP,1.34482,1.34491,1.344865,437,2s
2026-03-11T02:51:35.598Z,CS.D.GBPUSD.MINI.IP,1.34482,1.34491,1.344865,678,2s
2026-03-11T02:51:35.681Z,CS.D.GBPUSD.MINI.IP,1.34482,1.34491,1.344865,578,2s
2026-03-11T02:51:38.222Z,CS.D.EURUSD.MINI.IP,1.16289,1.16298,1.162935,900,2s
2026-03-11T02:51:38.402Z,CS.D.EURUSD.MINI.IP,1.16289,1.16298,1.162935,278,2s
2026-03-11T02:51:38.412Z,CS.D.EURUSD.MINI.IP,1.16289,1.16298,1.162935,1097,2s
2026-03-11T02:51:38.627Z,CS.D.GBPUSD.MINI.IP,1.34485,1.34494,1.3448950000000002,996,2s
2026-03-11T02:51:38.802Z,CS.D.GBPUSD.MINI.IP,1.34485,1.34494,1.3448950000000002,121,2s
2026-03-11T02:51:38.842Z,CS.D.GBPUSD.MINI.IP,1.34485,1.34494,1.3448950000000002,853,2s
2026-03-11T02:51:41.317Z,CS.D.EURUSD.MINI.IP,1.16289,1.16298,1.162935,421,2s
2026-03-11T02:51:41.336Z,CS.D.EURUSD.MINI.IP,1.16289,1.16298,1.162935,859,2s
2026-03-11T02:51:41.338Z,CS.D.EURUSD.MINI.IP,1.16289,1.16298,1.162935,816,2s
2026-03-11T02:51:41.669Z,CS.D.GBPUSD.MINI.IP,1.34486,1.34495,1.344905,454,2s
2026-03-11T02:51:41.687Z,CS.D.GBPUSD.MINI.IP,1.34486,1.34495,1.344905,979,2s
2026-03-11T02:52:29.218Z,CS.D.EURUSD.MINI.IP,1.16275,1.16281,1.16278,534,2s
2026-03-11T02:52:29.320Z,CS.D.EURUSD.MINI.IP,1.16275,1.16281,1.16278,857,2s
2026-03-11T02:52:29.346Z,CS.D.EURUSD.MINI.IP,1.16275,1.16281,1.16278,878,2s
2026-03-11T02:52:29.574Z,CS.D.GBPUSD.MINI.IP,1.3447,1.34479,1.344745,669,2s
2026-03-11T02:52:29.661Z,CS.D.GBPUSD.MINI.IP,1.3447,1.34479,1.344745,944,2s
2026-03-11T02:52:29.712Z,CS.D.GBPUSD.MINI.IP,1.3447,1.34479,1.344745,172,2s
2026-03-11T02:52:32.209Z,CS.D.EURUSD.MINI.IP,1.16274,1.1628,1.16277,1073,2s
2026-03-11T02:52:32.335Z,CS.D.EURUSD.MINI.IP,1.16275,1.16281,1.16278,467,2s
2026-03-11T02:52:32.359Z,CS.D.EURUSD.MINI.IP,1.16275,1.16281,1.16278,600,2s
2026-03-11T02:52:32.561Z,CS.D.GBPUSD.MINI.IP,1.34473,1.34482,1.3447749999999998,608,2s
2026-03-11T02:52:32.712Z,CS.D.GBPUSD.MINI.IP,1.34473,1.34482,1.3447749999999998,467,2s
2026-03-11T02:52:32.717Z,CS.D.GBPUSD.MINI.IP,1.34473,1.34482,1.3447749999999998,797,2s
2026-03-11T02:52:35.217Z,CS.D.EURUSD.MINI.IP,1.16274,1.1628,1.16277,602,2s
2026-03-11T02:52:35.561Z,CS.D.GBPUSD.MINI.IP,1.34472,1.34481,1.344765,530,2s
2026-03-11T02:52:35.733Z,CS.D.EURUSD.MINI.IP,1.16274,1.1628,1.16277,266,2s
2026-03-11T02:52:35.737Z,CS.D.EURUSD.MINI.IP,1.16274,1.1628,1.16277,1009,2s
2026-03-11T02:52:36.066Z,CS.D.GBPUSD.MINI.IP,1.34472,1.34481,1.344765,543,2s
2026-03-11T02:52:36.084Z,CS.D.GBPUSD.MINI.IP,1.34472,1.34481,1.344765,748,2s
2026-03-11T02:52:38.327Z,CS.D.EURUSD.MINI.IP,1.16274,1.1628,1.16277,984,2s
2026-03-11T02:52:38.394Z,CS.D.EURUSD.MINI.IP,1.16274,1.1628,1.16277,1032,2s
2026-03-11T02:52:38.408Z,CS.D.EURUSD.MINI.IP,1.16274,1.1628,1.16277,676,2s
2026-03-11T02:52:38.634Z,CS.D.GBPUSD.MINI.IP,1.34471,1.3448,1.3447550000000001,387,2s
2026-03-11T02:52:38.712Z,CS.D.GBPUSD.MINI.IP,1.34471,1.3448,1.3447550000000001,941,2s
2026-03-11T02:52:38.754Z,CS.D.GBPUSD.MINI.IP,1.34471,1.3448,1.3447550000000001,486,2s
2026-03-11T02:52:41.219Z,CS.D.EURUSD.MINI.IP,1.16274,1.1628,1.16277,909,2s
2026-03-11T02:52:41.306Z,CS.D.EURUSD.MINI.IP,1.16274,1.1628,1.16277,504,2s
2026-03-11T02:53:29.436Z,CS.D.EURUSD.MINI.IP,1.1627,1.16279,1.1627450000000001,654,2s
2026-03-11T02:53:29.462Z,CS.D.EURUSD.MINI.IP,1.16271,1.1628,1.162755,291,2s
2026-03-11T02:53:29.465Z,CS.D.EURUSD.MINI.IP,1.16271,1.1628,1.162755,810,2s
2026-03-11T02:53:29.773Z,CS.D.GBPUSD.MINI.IP,1.34464,1.34473,1.3446850000000001,808,2s
2026-03-11T02:53:29.816Z,CS.D.GBPUSD.MINI.IP,1.34464,1.34473,1.3446850000000001,906,2s
2026-03-11T02:53:29.818Z,CS.D.GBPUSD.MINI.IP,1.34464,1.34473,1.3446850000000001,1010,2s
2026-03-11T02:53:32.337Z,CS.D.EURUSD.MINI.IP,1.16272,1.16281,1.1627649999999998,879,2s
2026-03-11T02:53:32.446Z,CS.D.EURUSD.MINI.IP,1.16272,1.16281,1.1627649999999998,547,2s
2026-03-11T02:53:32.456Z,CS.D.EURUSD.MINI.IP,1.16272,1.16281,1.1627649999999998,261,2s
2026-03-11T02:53:32.688Z,CS.D.GBPUSD.MINI.IP,1.34465,1.34474,1.344695,984,2s
2026-03-11T02:53:32.825Z,CS.D.GBPUSD.MINI.IP,1.34465,1.34474,1.344695,208,2s
2026-03-11T02:53:32.831Z,CS.D.GBPUSD.MINI.IP,1.34465,1.34474,1.344695,947,2s
2026-03-11T02:53:35.363Z,CS.D.EURUSD.MINI.IP,1.16273,1.16282,1.162775,719,2s
2026-03-11T02:53:35.468Z,CS.D.EURUSD.MINI.IP,1.16273,1.16282,1.162775,1084,2s
2026-03-11T02:53:35.470Z,CS.D.EURUSD.MINI.IP,1.16273,1.16282,1.162775,794,2s
2026-03-11T02:53:35.711Z,CS.D.GBPUSD.MINI.IP,1.34464,1.34473,1.3446850000000001,757,2s
2026-03-11T02:53:35.808Z,CS.D.GBPUSD.MINI.IP,1.34464,1.34473,1.3446850000000001,482,2s
2026-03-11T02:53:35.809Z,CS.D.GBPUSD.MINI.IP,1.34464,1.34473,1.3446850000000001,208,2s
2026-03-11T02:53:38.367Z,CS.D.EURUSD.MINI.IP,1.16274,1.16283,1.162785,987,2s
2026-03-11T02:53:38.472Z,CS.D.EURUSD.MINI.IP,1.16274,1.16283,1.162785,169,2s
2026-03-11T02:53:38.486Z,CS.D.EURUSD.MINI.IP,1.16274,1.16283,1.162785,274,2s
2026-03-11T02:53:38.849Z,CS.D.GBPUSD.MINI.IP,1.34464,1.34473,1.3446850000000001,903,2s
2026-03-11T02:53:39.025Z,CS.D.GBPUSD.MINI.IP,1.34464,1.34473,1.3446850000000001,316,2s
2026-03-11T02:53:39.046Z,CS.D.GBPUSD.MINI.IP,1.34464,1.34473,1.3446850000000001,703,2s
2026-03-11T02:53:41.381Z,CS.D.EURUSD.MINI.IP,1.16273,1.16282,1.162775,1098,2s
2026-03-11T02:53:41.505Z,CS.D.EURUSD.MINI.IP,1.16273,1.16282,1.162775,348,2s
2026-03-11T02:53:41.508Z,CS.D.EURUSD.MINI.IP,1.16273,1.16282,1.162775,343,2s
2026-03-11T02:53:41.707Z,CS.D.GBPUSD.MINI.IP,1.34464,1.34473,1.3446850000000001,807,2s
2026-03-11T02:53:41.944Z,CS.D.GBPUSD.MINI.IP,1.34464,1.34473,1.3446850000000001,954,2s
2026-03-11T02:54:29.510Z,CS.D.EURUSD.MINI.IP,1.16273,1.16282,1.162775,1004,2s
2026-03-11T02:54:29.628Z,CS.D.EURUSD.MINI.IP,1.16273,1.16282,1.162775,473,2s
2026-03-11T02:54:29.631Z,CS.D.EURUSD.MINI.IP,1.16273,1.16282,1.162775,200,2s
2026-03-11T02:54:29.848Z,CS.D.GBPUSD.MINI.IP,1.34479,1.34488,1.344835,1078,2s
2026-03-11T02:54:29.947Z,CS.D.GBPUSD.MINI.IP,1.34479,1.34488,1.344835,172,2s
2026-03-11T02:54:29.948Z,CS.D.GBPUSD.MINI.IP,1.34479,1.34488,1.344835,151,2s
2026-03-11T02:54:32.505Z,CS.D.EURUSD.MINI.IP,1.16274,1.16283,1.162785,404,2s
2026-03-11T02:54:32.644Z,CS.D.EURUSD.MINI.IP,1.16274,1.16283,1.162785,328,2s
2026-03-11T02:54:32.652Z,CS.D.EURUSD.MINI.IP,1.16274,1.16283,1.162785,845,2s
2026-03-11T02:54:32.843Z,CS.D.GBPUSD.MINI.IP,1.34481,1.3449,1.344855,333,2s
2026-03-11T02:54:32.977Z,CS.D.GBPUSD.MINI.IP,1.34481,1.3449,1.344855,197,2s
2026-03-11T02:54:32.992Z,CS.D.GBPUSD.MINI.IP,1.34481,1.3449,1.344855,527,2s
2026-03-11T02:54:35.519Z,CS.D.EURUSD.MINI.IP,1.16274,1.16283,1.162785,520,2s
2026-03-11T02:54:35.754Z,CS.D.EURUSD.MINI.IP,1.16274,1.16283,1.162785,838,2s
2026-03-11T02:54:35.756Z,CS.D.EURUSD.MINI.IP,1.16274,1.16283,1.162785,191,2s
2026-03-11T02:54:35.934Z,CS.D.GBPUSD.MINI.IP,1.34481,1.3449,1.344855,563,2s
2026-03-11T02:54:36.099Z,CS.D.GBPUSD.MINI.IP,1.3448,1.34489,1.3448449999999998,793,2s
2026-03-11T02:54:36.121Z,CS.D.GBPUSD.MINI.IP,1.3448,1.34489,1.3448449999999998,206,2s
2026-03-11T02:54:38.516Z,CS.D.EURUSD.MINI.IP,1.16274,1.16283,1.162785,676,2s
2026-03-11T02:54:38.630Z,CS.D.EURUSD.MINI.IP,1.16274,1.16283,1.162785,113,2s
2026-03-11T02:54:38.641Z,CS.D.EURUSD.MINI.IP,1.16274,1.16283,1.162785,298,2s
2026-03-11T02:54:38.846Z,CS.D.GBPUSD.MINI.IP,1.3448,1.34489,1.3448449999999998,106,2s
2026-03-11T02:54:38.963Z,CS.D.GBPUSD.MINI.IP,1.3448,1.34489,1.3448449999999998,705,2s
2026-03-11T02:54:38.966Z,CS.D.GBPUSD.MINI.IP,1.3448,1.34489,1.3448449999999998,446,2s
2026-03-11T02:54:41.566Z,CS.D.EURUSD.MINI.IP,1.16272,1.16281,1.1627649999999998,720,2s
