timestamp,epic,bid,ask,price,volume,timeframe
2026-03-11T03:34:11.195Z,CS.D.EURUSD.MINI.IP,1.1628,1.16286,1.16283,559,2s
2026-03-11T03:34:11.592Z,CS.D.GBPUSD.MINI.IP,1.34474,1.34489,1.344815,363,2s
2026-03-11T03:34:12.548Z,CS.D.EURUSD.MINI.IP,1.1628,1.16286,1.16283,175,2s
2026-03-11T03:34:12.892Z,CS.D.GBPUSD.MINI.IP,1.34475,1.3449,1.344825,421,2s
2026-03-11T03:34:13.963Z,CS.D.EURUSD.MINI.IP,1.16279,1.16285,1.16282,296,2s
2026-03-11T03:34:13.980Z,CS.D.EURUSD.MINI.IP,1.16279,1.16285,1.16282,238,2s
2026-03-11T03:34:14.326Z,CS.D.GBPUSD.MINI.IP,1.34475,1.3449,1.344825,1020,2s
2026-03-11T03:34:14.336Z,CS.D.GBPUSD.MINI.IP,1.34475,1.3449,1.344825,898,2s
2026-03-11T03:34:15.622Z,CS.D.EURUSD.MINI.IP,1.16279,1.16285,1.16282,218,2s
2026-03-11T03:34:15.960Z,CS.D.GBPUSD.MINI.IP,1.34477,1.34492,1.3448449999999998,239,2s
2026-03-11T03:34:16.928Z,CS.D.EURUSD.MINI.IP,1.16279,1.16285,1.16282,680,2s
2026-03-11T03:34:17.026Z,CS.D.EURUSD.MINI.IP,1.16279,1.16285,1.16282,893,2s
2026-03-11T03:34:17.314Z,CS.D.GBPUSD.MINI.IP,1.34477,1.34492,1.3448449999999998,1045,2s
2026-03-11T03:34:17.367Z,CS.D.GBPUSD.MINI.IP,1.34477,1.34492,1.3448449999999998,408,2s
2026-03-11T03:34:18.601Z,CS.D.EURUSD.MINI.IP,1.16279,1.16285,1.16282,452,2s
2026-03-11T03:34:18.935Z,CS.D.GBPUSD.MINI.IP,1.34476,1.34491,1.344835,901,2s
2026-03-11T03:34:19.967Z,CS.D.EURUSD.MINI.IP,1.16279,1.16285,1.16282,165,2s
2026-03-11T03:34:19.983Z,CS.D.EURUSD.MINI.IP,1.16279,1.16285,1.16282,167,2s
2026-03-11T03:34:20.306Z,CS.D.GBPUSD.MINI.IP,1.3448,1.34495,1.344875,483,2s
2026-03-11T03:34:20.332Z,CS.D.GBPUSD.MINI.IP,1.3448,1.34495,1.344875,925,2s
2026-03-11T03:34:22.932Z,CS.D.EURUSD.MINI.IP,1.16281,1.1629,1.162855,367,2s
2026-03-11T03:34:23.074Z,CS.D.EURUSD.MINI.IP,1.16281,1.1629,1.162855,184,2s
2026-03-11T03:34:23.283Z,CS.D.GBPUSD.MINI.IP,1.34483,1.34498,1.344905,726,2s
2026-03-11T03:34:23.405Z,CS.D.GBPUSD.MINI.IP,1.34483,1.34498,1.344905,287,2s
2026-03-11T03:34:24.612Z,CS.D.EURUSD.MINI.IP,1.16282,1.16291,1.162865,413,2s
2026-03-11T03:34:24.950Z,CS.D.GBPUSD.MINI.IP,1.34481,1.34496,1.344885,920,2s
2026-03-11T03:34:25.968Z,CS.D.EURUSD.MINI.IP,1.16282,1.16291,1.162865,799,2s
2026-03-11T03:34:26.001Z,CS.D.EURUSD.MINI.IP,1.16282,1.16291,1.162865,814,2s
2026-03-11T03:34:26.338Z,CS.D.GBPUSD.MINI.IP,1.34479,1.34494,1.344865,221,2s
2026-03-11T03:34:26.344Z,CS.D.GBPUSD.MINI.IP,1.34479,1.34494,1.344865,421,2s
2026-03-11T03:34:27.626Z,CS.D.EURUSD.MINI.IP,1.16282,1.16291,1.162865,1066,2s
2026-03-11T03:34:27.994Z,CS.D.GBPUSD.MINI.IP,1.34482,1.34497,1.344895,134,2s
2026-03-11T03:34:28.995Z,CS.D.EURUSD.MINI.IP,1.16283,1.16292,1.162875,1039,2s
2026-03-11T03:34:29.053Z,CS.D.EURUSD.MINI.IP,1.16283,1.16292,1.162875,280,2s
2026-03-11T03:34:29.398Z,CS.D.GBPUSD.MINI.IP,1.34482,1.34497,1.344895,140,2s
2026-03-11T03:34:29.412Z,CS.D.GBPUSD.MINI.IP,1.34482,1.34497,1.344895,174,2s
2026-03-11T03:34:30.686Z,CS.D.EURUSD.MINI.IP,1.16285,1.16294,1.162895,852,2s
2026-03-11T03:34:31.025Z,CS.D.GBPUSD.MINI.IP,1.34482,1.34497,1.344895,369,2s
2026-03-11T03:34:31.971Z,CS.D.EURUSD.MINI.IP,1.16285,1.16294,1.162895,131,2s
2026-03-11T03:34:32.007Z,CS.D.EURUSD.MINI.IP,1.16285,1.16294,1.162895,454,2s
2026-03-11T03:34:32.445Z,CS.D.GBPUSD.MINI.IP,1.34482,1.34497,1.344895,595,2s
2026-03-11T03:34:32.464Z,CS.D.GBPUSD.MINI.IP,1.34482,1.34497,1.344895,894,2s
2026-03-11T03:34:33.640Z,CS.D.EURUSD.MINI.IP,1.16285,1.16294,1.162895,716,2s
2026-03-11T03:34:33.970Z,CS.D.GBPUSD.MINI.IP,1.3448,1.34495,1.344875,156,2s
2026-03-11T03:34:34.988Z,CS.D.EURUSD.MINI.IP,1.16285,1.16294,1.162895,1098,2s
2026-03-11T03:34:35.094Z,CS.D.EURUSD.MINI.IP,1.16285,1.16294,1.162895,586,2s
2026-03-11T03:34:35.409Z,CS.D.GBPUSD.MINI.IP,1.34483,1.34498,1.344905,907,2s
2026-03-11T03:34:35.440Z,CS.D.GBPUSD.MINI.IP,1.34483,1.34498,1.344905,833,2s
2026-03-11T03:34:36.682Z,CS.D.EURUSD.MINI.IP,1.16286,1.16295,1.1629049999999999,661,2s
2026-03-11T03:35:23.147Z,CS.D.EURUSD.MINI.IP,1.16307,1.16316,1.163115,971,2s
2026-03-11T03:35:23.161Z,CS.D.EURUSD.MINI.IP,1.16307,1.16316,1.163115,653,2s
2026-03-11T03:35:23.500Z,CS.D.GBPUSD.MINI.IP,1.34515,1.34524,1.345195,362,2s
2026-03-11T03:35:23.521Z,CS.D.GBPUSD.MINI.IP,1.34515,1.34524,1.345195,977,2s
2026-03-11T03:35:24.833Z,CS.D.EURUSD.MINI.IP,1.16305,1.16314,1.163095,865,2s
2026-03-11T03:35:25.174Z,CS.D.GBPUSD.MINI.IP,1.34515,1.34524,1.345195,950,2s
2026-03-11T03:35:26.297Z,CS.D.EURUSD.MINI.IP,1.16305,1.16314,1.163095,820,2s
2026-03-11T03:35:26.311Z,CS.D.EURUSD.MINI.IP,1.16305,1.16314,1.163095,686,2s
2026-03-11T03:35:26.639Z,CS.D.GBPUSD.MINI.IP,1.34521,1.3453,1.3452549999999999,1031,2s
2026-03-11T03:35:26.648Z,CS.D.GBPUSD.MINI.IP,1.34521,1.3453,1.3452549999999999,770,2s
2026-03-11T03:35:27.855Z,CS.D.EURUSD.MINI.IP,1.16305,1.16314,1.163095,1080,2s
2026-03-11T03:35:28.193Z,CS.D.GBPUSD.MINI.IP,1.34514,1.34523,1.3451849999999999,841,2s
2026-03-11T03:35:29.172Z,CS.D.EURUSD.MINI.IP,1.16307,1.16316,1.163115,726,2s
2026-03-11T03:35:29.185Z,CS.D.EURUSD.MINI.IP,1.16307,1.16316,1.163115,649,2s
2026-03-11T03:35:29.501Z,CS.D.GBPUSD.MINI.IP,1.34522,1.34531,1.345265,800,2s
2026-03-11T03:35:29.533Z,CS.D.GBPUSD.MINI.IP,1.34522,1.34531,1.345265,176,2s
2026-03-11T03:35:30.854Z,CS.D.EURUSD.MINI.IP,1.16307,1.16316,1.163115,1047,2s
2026-03-11T03:35:31.204Z,CS.D.GBPUSD.MINI.IP,1.34519,1.34528,1.3452350000000002,145,2s
2026-03-11T03:35:32.193Z,CS.D.EURUSD.MINI.IP,1.16308,1.16317,1.163125,471,2s
2026-03-11T03:35:32.210Z,CS.D.EURUSD.MINI.IP,1.16308,1.16317,1.163125,821,2s
2026-03-11T03:35:32.545Z,CS.D.GBPUSD.MINI.IP,1.34519,1.34528,1.3452350000000002,574,2s
2026-03-11T03:35:32.558Z,CS.D.GBPUSD.MINI.IP,1.34519,1.34528,1.3452350000000002,844,2s
2026-03-11T03:35:33.865Z,CS.D.EURUSD.MINI.IP,1.16307,1.16316,1.163115,805,2s
2026-03-11T03:35:34.273Z,CS.D.GBPUSD.MINI.IP,1.3452,1.34529,1.345245,491,2s
2026-03-11T03:35:35.207Z,CS.D.EURUSD.MINI.IP,1.16307,1.16316,1.163115,235,2s
2026-03-11T03:35:35.224Z,CS.D.EURUSD.MINI.IP,1.16307,1.16316,1.163115,365,2s
2026-03-11T03:35:35.573Z,CS.D.GBPUSD.MINI.IP,1.34521,1.3453,1.3452549999999999,871,2s
2026-03-11T03:35:35.584Z,CS.D.GBPUSD.MINI.IP,1.34521,1.3453,1.3452549999999999,227,2s
2026-03-11T03:35:36.876Z,CS.D.EURUSD.MINI.IP,1.16307,1.16316,1.163115,698,2s
2026-03-11T03:36:23.374Z,CS.D.EURUSD.MINI.IP,1.16297,1.16303,1.163,750,2s
2026-03-11T03:36:23.436Z,CS.D.EURUSD.MINI.IP,1.16297,1.16303,1.163,616,2s
2026-03-11T03:36:23.780Z,CS.D.GBPUSD.MINI.IP,1.34497,1.34506,1.345015,868,2s
2026-03-11T03:36:23.826Z,CS.D.GBPUSD.MINI.IP,1.34497,1.34506,1.345015,554,2s
2026-03-11T03:36:25.037Z,CS.D.EURUSD.MINI.IP,1.16298,1.16304,1.1630099999999999,191,2s
2026-03-11T03:36:25.373Z,CS.D.GBPUSD.MINI.IP,1.34497,1.34506,1.345015,807,2s
2026-03-11T03:36:26.393Z,CS.D.EURUSD.MINI.IP,1.16299,1.16305,1.16302,317,2s
2026-03-11T03:36:26.396Z,CS.D.EURUSD.MINI.IP,1.16299,1.16305,1.16302,577,2s
2026-03-11T03:36:26.731Z,CS.D.GBPUSD.MINI.IP,1.345,1.34509,1.3450449999999998,561,2s
2026-03-11T03:36:26.737Z,CS.D.GBPUSD.MINI.IP,1.345,1.34509,1.3450449999999998,477,2s
2026-03-11T03:36:28.199Z,CS.D.EURUSD.MINI.IP,1.16299,1.16305,1.16302,459,2s
2026-03-11T03:36:28.531Z,CS.D.GBPUSD.MINI.IP,1.34501,1.3451,1.345055,853,2s
2026-03-11T03:36:29.413Z,CS.D.EURUSD.MINI.IP,1.16298,1.16304,1.1630099999999999,131,2s
2026-03-11T03:36:29.419Z,CS.D.EURUSD.MINI.IP,1.16298,1.16304,1.1630099999999999,166,2s
2026-03-11T03:36:29.745Z,CS.D.GBPUSD.MINI.IP,1.34502,1.34511,1.345065,329,2s
2026-03-11T03:36:29.756Z,CS.D.GBPUSD.MINI.IP,1.34502,1.34511,1.345065,608,2s
2026-03-11T03:36:31.142Z,CS.D.EURUSD.MINI.IP,1.16298,1.16304,1.1630099999999999,845,2s
2026-03-11T03:36:31.515Z,CS.D.GBPUSD.MINI.IP,1.345,1.34509,1.3450449999999998,1047,2s
2026-03-11T03:36:32.399Z,CS.D.EURUSD.MINI.IP,1.16299,1.16308,1.1630349999999998,1022,2s
2026-03-11T03:36:32.438Z,CS.D.EURUSD.MINI.IP,1.16299,1.16308,1.1630349999999998,187,2s
2026-03-11T03:36:32.734Z,CS.D.GBPUSD.MINI.IP,1.34503,1.34512,1.345075,1045,2s
2026-03-11T03:36:32.788Z,CS.D.GBPUSD.MINI.IP,1.34503,1.34512,1.345075,686,2s
2026-03-11T03:36:34.066Z,CS.D.EURUSD.MINI.IP,1.163,1.16309,1.1630449999999999,473,2s
2026-03-11T03:36:34.440Z,CS.D.GBPUSD.MINI.IP,1.34502,1.34511,1.345065,205,2s
2026-03-11T03:36:35.409Z,CS.D.EURUSD.MINI.IP,1.16302,1.16308,1.16305,978,2s
2026-03-11T03:36:35.418Z,CS.D.EURUSD.MINI.IP,1.16302,1.16308,1.16305,687,2s
2026-03-11T03:36:35.746Z,CS.D.GBPUSD.MINI.IP,1.34503,1.34512,1.345075,848,2s
2026-03-11T03:36:35.765Z,CS.D.GBPUSD.MINI.IP,1.34503,1.34512,1.345075,930,2s
2026-03-11T03:37:23.513Z,CS.D.EURUSD.MINI.IP,1.16303,1.16312,1.163075,1003,2s
2026-03-11T03:37:23.517Z,CS.D.EURUSD.MINI.IP,1.16303,1.16312,1.163075,262,2s
2026-03-11T03:37:23.846Z,CS.D.GBPUSD.MINI.IP,1.34508,1.34517,1.345125,935,2s
2026-03-11T03:37:23.849Z,CS.D.GBPUSD.MINI.IP,1.34508,1.34517,1.345125,197,2s
2026-03-11T03:37:24.736Z,CS.D.EURUSD.MINI.IP,1.16304,1.16313,1.1630850000000001,226,2s
2026-03-11T03:37:25.068Z,CS.D.GBPUSD.MINI.IP,1.34508,1.34517,1.345125,548,2s
2026-03-11T03:37:25.210Z,CS.D.EURUSD.MINI.IP,1.16304,1.16313,1.1630850000000001,878,2s
2026-03-11T03:37:25.541Z,CS.D.GBPUSD.MINI.IP,1.34509,1.34518,1.345135,1096,2s
2026-03-11T03:37:26.531Z,CS.D.EURUSD.MINI.IP,1.16308,1.16317,1.163125,694,2s
2026-03-11T03:37:26.546Z,CS.D.EURUSD.MINI.IP,1.16308,1.16317,1.163125,772,2s
2026-03-11T03:37:26.870Z,CS.D.GBPUSD.MINI.IP,1.34512,1.34521,1.3451650000000002,851,2s
2026-03-11T03:37:26.894Z,CS.D.GBPUSD.MINI.IP,1.34512,1.34521,1.3451650000000002,754,2s
2026-03-11T03:37:27.815Z,CS.D.EURUSD.MINI.IP,1.16308,1.16317,1.163125,700,2s
2026-03-11T03:37:28.145Z,CS.D.GBPUSD.MINI.IP,1.34512,1.34521,1.3451650000000002,485,2s
2026-03-11T03:37:28.230Z,CS.D.EURUSD.MINI.IP,1.16308,1.16317,1.163125,610,2s
2026-03-11T03:37:28.574Z,CS.D.GBPUSD.MINI.IP,1.34512,1.34521,1.3451650000000002,976,2s
2026-03-11T03:37:29.549Z,CS.D.EURUSD.MINI.IP,1.16308,1.16317,1.163125,189,2s
2026-03-11T03:37:29.552Z,CS.D.EURUSD.MINI.IP,1.16308,1.16317,1.163125,730,2s
2026-03-11T03:37:29.891Z,CS.D.GBPUSD.MINI.IP,1.34511,1.3452,1.345155,370,2s
2026-03-11T03:37:29.900Z,CS.D.GBPUSD.MINI.IP,1.34511,1.3452,1.345155,281,2s
2026-03-11T03:37:30.736Z,CS.D.EURUSD.MINI.IP,1.1631,1.16319,1.163145,481,2s
2026-03-11T03:37:31.065Z,CS.D.GBPUSD.MINI.IP,1.34514,1.34523,1.3451849999999999,598,2s
2026-03-11T03:37:31.229Z,CS.D.EURUSD.MINI.IP,1.1631,1.16319,1.163145,458,2s
2026-03-11T03:37:31.573Z,CS.D.GBPUSD.MINI.IP,1.34514,1.34523,1.3451849999999999,1087,2s
2026-03-11T03:37:32.553Z,CS.D.EURUSD.MINI.IP,1.16307,1.16316,1.163115,668,2s
2026-03-11T03:37:32.571Z,CS.D.EURUSD.MINI.IP,1.16307,1.16316,1.163115,111,2s
2026-03-11T03:37:32.639Z,CS.D.EURUSD.MINI.IP,1.16307,1.16316,1.163115,834,2s
2026-03-11T03:37:32.894Z,CS.D.GBPUSD.MINI.IP,1.34513,1.34522,1.345175,1058,2s
2026-03-11T03:38:23.661Z,CS.D.EURUSD.MINI.IP,1.16307,1.16316,1.163115,476,2s
2026-03-11T03:38:23.694Z,CS.D.EURUSD.MINI.IP,1.16307,1.16316,1.163115,631,2s
2026-03-11T03:38:23.787Z,CS.D.EURUSD.MINI.IP,1.16309,1.16318,1.163135,988,2s
2026-03-11T03:38:24.000Z,CS.D.GBPUSD.MINI.IP,1.34505,1.34514,1.3450950000000002,570,2s
2026-03-11T03:38:24.049Z,CS.D.GBPUSD.MINI.IP,1.34505,1.34514,1.3450950000000002,679,2s
2026-03-11T03:38:24.109Z,CS.D.GBPUSD.MINI.IP,1.34505,1.34514,1.3450950000000002,1097,2s
2026-03-11T03:38:24.906Z,CS.D.EURUSD.MINI.IP,1.16308,1.16317,1.163125,499,2s
2026-03-11T03:38:25.240Z,CS.D.GBPUSD.MINI.IP,1.34505,1.34514,1.3450950000000002,1030,2s
2026-03-11T03:38:25.365Z,CS.D.EURUSD.MINI.IP,1.16309,1.16318,1.163135,841,2s
2026-03-11T03:38:25.712Z,CS.D.GBPUSD.MINI.IP,1.34505,1.34514,1.3450950000000002,1071,2s
2026-03-11T03:38:26.638Z,CS.D.EURUSD.MINI.IP,1.16307,1.16316,1.163115,788,2s
2026-03-11T03:38:26.664Z,CS.D.EURUSD.MINI.IP,1.16307,1.16316,1.163115,527,2s
2026-03-11T03:38:26.772Z,CS.D.EURUSD.MINI.IP,1.16307,1.16316,1.163115,264,2s
2026-03-11T03:38:26.998Z,CS.D.GBPUSD.MINI.IP,1.34503,1.34512,1.345075,1087,2s
2026-03-11T03:38:27.008Z,CS.D.GBPUSD.MINI.IP,1.34504,1.34513,1.345085,452,2s
2026-03-11T03:38:27.129Z,CS.D.GBPUSD.MINI.IP,1.34504,1.34513,1.345085,510,2s
2026-03-11T03:38:27.876Z,CS.D.EURUSD.MINI.IP,1.16307,1.16316,1.163115,649,2s
2026-03-11T03:38:28.202Z,CS.D.GBPUSD.MINI.IP,1.34504,1.34513,1.345085,948,2s
2026-03-11T03:38:28.386Z,CS.D.EURUSD.MINI.IP,1.16307,1.16316,1.163115,762,2s
2026-03-11T03:38:28.731Z,CS.D.GBPUSD.MINI.IP,1.34504,1.34513,1.345085,886,2s
2026-03-11T03:38:29.657Z,CS.D.EURUSD.MINI.IP,1.16305,1.16314,1.163095,455,2s
2026-03-11T03:38:29.691Z,CS.D.EURUSD.MINI.IP,1.16305,1.16314,1.163095,348,2s
2026-03-11T03:38:29.778Z,CS.D.EURUSD.MINI.IP,1.16305,1.16314,1.163095,447,2s
2026-03-11T03:38:29.996Z,CS.D.GBPUSD.MINI.IP,1.34504,1.34513,1.345085,782,2s
2026-03-11T03:38:30.046Z,CS.D.GBPUSD.MINI.IP,1.34504,1.34513,1.345085,144,2s
2026-03-11T03:38:30.124Z,CS.D.GBPUSD.MINI.IP,1.34504,1.34513,1.345085,493,2s
2026-03-11T03:38:30.872Z,CS.D.EURUSD.MINI.IP,1.16305,1.16314,1.163095,522,2s
2026-03-11T03:38:31.211Z,CS.D.GBPUSD.MINI.IP,1.34504,1.34513,1.345085,372,2s
2026-03-11T03:38:31.397Z,CS.D.EURUSD.MINI.IP,1.16308,1.16317,1.163125,217,2s
2026-03-11T03:39:23.814Z,CS.D.EURUSD.MINI.IP,1.16303,1.16312,1.163075,1021,2s
2026-03-11T03:39:23.845Z,CS.D.EURUSD.MINI.IP,1.16303,1.16312,1.163075,955,2s
2026-03-11T03:39:23.939Z,CS.D.EURUSD.MINI.IP,1.16303,1.16312,1.163075,718,2s
2026-03-11T03:39:24.156Z,CS.D.GBPUSD.MINI.IP,1.34498,1.34507,1.3450250000000001,1041,2s
2026-03-11T03:39:24.209Z,CS.D.GBPUSD.MINI.IP,1.34498,1.34507,1.3450250000000001,887,2s
2026-03-11T03:39:24.260Z,CS.D.GBPUSD.MINI.IP,1.34498,1.34507,1.3450250000000001,216,2s
2026-03-11T03:39:25.056Z,CS.D.EURUSD.MINI.IP,1.16303,1.16312,1.163075,524,2s
2026-03-11T03:39:25.395Z,CS.D.GBPUSD.MINI.IP,1.34499,1.34508,1.345035,456,2s
2026-03-11T03:39:25.499Z,CS.D.EURUSD.MINI.IP,1.16303,1.16312,1.163075,683,2s
2026-03-11T03:39:25.820Z,CS.D.GBPUSD.MINI.IP,1.34499,1.34508,1.345035,1014,2s
2026-03-11T03:39:26.839Z,CS.D.EURUSD.MINI.IP,1.16303,1.16312,1.163075,443,2s
2026-03-11T03:39:26.850Z,CS.D.EURUSD.MINI.IP,1.16303,1.16312,1.163075,919,2s
2026-03-11T03:39:26.952Z,CS.D.EURUSD.MINI.IP,1.16303,1.16312,1.163075,600,2s
2026-03-11T03:39:27.160Z,CS.D.GBPUSD.MINI.IP,1.34499,1.34508,1.345035,234,2s
2026-03-11T03:39:27.208Z,CS.D.GBPUSD.MINI.IP,1.34499,1.34508,1.345035,540,2s
2026-03-11T03:39:27.294Z,CS.D.GBPUSD.MINI.IP,1.34499,1.34508,1.345035,117,2s
2026-03-11T03:39:28.097Z,CS.D.EURUSD.MINI.IP,1.16301,1.1631,1.163055,1080,2s
2026-03-11T03:39:28.439Z,CS.D.GBPUSD.MINI.IP,1.34501,1.3451,1.345055,610,2s
2026-03-11T03:39:28.519Z,CS.D.EURUSD.MINI.IP,1.16305,1.16314,1.163095,425,2s
2026-03-11T03:39:28.834Z,CS.D.GBPUSD.MINI.IP,1.34501,1.3451,1.345055,951,2s
2026-03-11T03:39:29.820Z,CS.D.EURUSD.MINI.IP,1.16306,1.16315,1.1631049999999998,237,2s
2026-03-11T03:39:29.836Z,CS.D.EURUSD.MINI.IP,1.16306,1.16315,1.1631049999999998,317,2s
2026-03-11T03:39:29.947Z,CS.D.EURUSD.MINI.IP,1.16306,1.16315,1.1631049999999998,370,2s
2026-03-11T03:39:30.151Z,CS.D.GBPUSD.MINI.IP,1.34501,1.3451,1.345055,425,2s
2026-03-11T03:39:30.276Z,CS.D.GBPUSD.MINI.IP,1.34501,1.3451,1.345055,764,2s
2026-03-11T03:39:30.698Z,CS.D.GBPUSD.MINI.IP,1.34501,1.3451,1.345055,300,2s
2026-03-11T03:39:31.028Z,CS.D.EURUSD.MINI.IP,1.16306,1.16315,1.1631049999999998,153,2s
2026-03-11T03:39:31.349Z,CS.D.GBPUSD.MINI.IP,1.34501,1.3451,1.345055,395,2s
2026-03-11T03:39:31.536Z,CS.D.EURUSD.MINI.IP,1.16306,1.16315,1.1631049999999998,663,2s
2026-03-11T03:40:23.968Z,CS.D.EURUSD.MINI.IP,1.163,1.16306,1.16303,158,2s
2026-03-11T03:40:23.972Z,CS.D.EURUSD.MINI.IP,1.163,1.16306,1.16303,217,2s
2026-03-11T03:40:24.310Z,CS.D.GBPUSD.MINI.IP,1.34497,1.34512,1.345045,956,2s
2026-03-11T03:40:24.625Z,CS.D.EURUSD.MINI.IP,1.163,1.16306,1.16303,942,2s
2026-03-11T03:40:24.845Z,CS.D.GBPUSD.MINI.IP,1.34497,1.34512,1.345045,259,2s
2026-03-11T03:40:24.976Z,CS.D.GBPUSD.MINI.IP,1.34497,1.34512,1.345045,219,2s
2026-03-11T03:40:25.645Z,CS.D.EURUSD.MINI.IP,1.163,1.16306,1.16303,1048,2s
2026-03-11T03:40:25.688Z,CS.D.EURUSD.MINI.IP,1.163,1.16306,1.16303,422,2s
2026-03-11T03:40:25.985Z,CS.D.GBPUSD.MINI.IP,1.34493,1.34508,1.345005,996,2s
2026-03-11T03:40:26.622Z,CS.D.GBPUSD.MINI.IP,1.34491,1.34506,1.3449849999999999,744,2s
2026-03-11T03:40:27.020Z,CS.D.EURUSD.MINI.IP,1.16299,1.16305,1.16302,940,2s
2026-03-11T03:40:27.025Z,CS.D.EURUSD.MINI.IP,1.16299,1.16305,1.16302,618,2s
2026-03-11T03:40:27.119Z,CS.D.EURUSD.MINI.IP,1.16299,1.16305,1.16302,734,2s
2026-03-11T03:40:27.351Z,CS.D.GBPUSD.MINI.IP,1.34492,1.34507,1.344995,1071,2s
2026-03-11T03:40:27.360Z,CS.D.GBPUSD.MINI.IP,1.34492,1.34507,1.344995,933,2s
2026-03-11T03:40:27.455Z,CS.D.GBPUSD.MINI.IP,1.34492,1.34507,1.344995,264,2s
2026-03-11T03:40:28.190Z,CS.D.EURUSD.MINI.IP,1.16298,1.16304,1.1630099999999999,404,2s
2026-03-11T03:40:28.517Z,CS.D.GBPUSD.MINI.IP,1.34492,1.34507,1.344995,148,2s
2026-03-11T03:40:28.678Z,CS.D.EURUSD.MINI.IP,1.16299,1.16305,1.16302,571,2s
2026-03-11T03:40:29.009Z,CS.D.GBPUSD.MINI.IP,1.34495,1.34504,1.344995,182,2s
2026-03-11T03:40:29.947Z,CS.D.EURUSD.MINI.IP,1.16297,1.16303,1.163,859,2s
2026-03-11T03:40:29.973Z,CS.D.EURUSD.MINI.IP,1.16297,1.16303,1.163,520,2s
2026-03-11T03:40:30.113Z,CS.D.EURUSD.MINI.IP,1.16297,1.16303,1.163,744,2s
2026-03-11T03:40:30.288Z,CS.D.GBPUSD.MINI.IP,1.34494,1.34503,1.3449849999999999,917,2s
2026-03-11T03:40:30.357Z,CS.D.GBPUSD.MINI.IP,1.34494,1.34503,1.3449849999999999,467,2s
2026-03-11T03:40:30.467Z,CS.D.GBPUSD.MINI.IP,1.34494,1.34503,1.3449849999999999,334,2s
2026-03-11T03:40:31.164Z,CS.D.EURUSD.MINI.IP,1.16297,1.16303,1.163,1009,2s
2026-03-11T03:40:31.492Z,CS.D.GBPUSD.MINI.IP,1.34495,1.34504,1.344995,329,2s
2026-03-11T03:40:31.671Z,CS.D.EURUSD.MINI.IP,1.16297,1.16303,1.163,1086,2s
2026-03-11T03:41:24.034Z,CS.D.EURUSD.MINI.IP,1.16291,1.16297,1.16294,758,2s
2026-03-11T03:41:24.099Z,CS.D.EURUSD.MINI.IP,1.16291,1.16297,1.16294,750,2s
2026-03-11T03:41:24.250Z,CS.D.EURUSD.MINI.IP,1.1629,1.16296,1.16293,395,2s
2026-03-11T03:41:24.363Z,CS.D.GBPUSD.MINI.IP,1.34487,1.34502,1.344945,310,2s
2026-03-11T03:41:24.421Z,CS.D.GBPUSD.MINI.IP,1.34487,1.34502,1.344945,188,2s
2026-03-11T03:41:24.602Z,CS.D.GBPUSD.MINI.IP,1.34487,1.34502,1.344945,270,2s
2026-03-11T03:41:25.322Z,CS.D.EURUSD.MINI.IP,1.1629,1.16296,1.16293,467,2s
2026-03-11T03:41:25.979Z,CS.D.EURUSD.MINI.IP,1.1629,1.16296,1.16293,525,2s
2026-03-11T03:41:25.983Z,CS.D.GBPUSD.MINI.IP,1.34487,1.34502,1.344945,227,2s
2026-03-11T03:41:26.306Z,CS.D.GBPUSD.MINI.IP,1.34487,1.34502,1.344945,641,2s
2026-03-11T03:41:27.045Z,CS.D.EURUSD.MINI.IP,1.1629,1.16296,1.16293,320,2s
2026-03-11T03:41:27.137Z,CS.D.EURUSD.MINI.IP,1.1629,1.16296,1.16293,1032,2s
2026-03-11T03:41:27.253Z,CS.D.EURUSD.MINI.IP,1.1629,1.16296,1.16293,1081,2s
2026-03-11T03:41:27.429Z,CS.D.GBPUSD.MINI.IP,1.34487,1.34502,1.344945,407,2s
2026-03-11T03:41:27.483Z,CS.D.GBPUSD.MINI.IP,1.34487,1.34502,1.344945,554,2s
2026-03-11T03:41:27.598Z,CS.D.GBPUSD.MINI.IP,1.34487,1.34502,1.344945,211,2s
2026-03-11T03:41:28.328Z,CS.D.EURUSD.MINI.IP,1.1629,1.16296,1.16293,617,2s
2026-03-11T03:41:28.661Z,CS.D.GBPUSD.MINI.IP,1.34486,1.34501,1.344935,227,2s
2026-03-11T03:41:28.803Z,CS.D.EURUSD.MINI.IP,1.1629,1.16296,1.16293,269,2s
2026-03-11T03:41:29.136Z,CS.D.GBPUSD.MINI.IP,1.34486,1.34501,1.344935,479,2s
2026-03-11T03:41:30.055Z,CS.D.EURUSD.MINI.IP,1.1629,1.16296,1.16293,799,2s
2026-03-11T03:41:30.118Z,CS.D.EURUSD.MINI.IP,1.1629,1.16296,1.16293,606,2s
2026-03-11T03:41:30.354Z,CS.D.EURUSD.MINI.IP,1.1629,1.16296,1.16293,314,2s
2026-03-11T03:41:30.401Z,CS.D.GBPUSD.MINI.IP,1.34486,1.34501,1.344935,750,2s
2026-03-11T03:41:30.453Z,CS.D.GBPUSD.MINI.IP,1.34486,1.34501,1.344935,975,2s
2026-03-11T03:41:30.685Z,CS.D.GBPUSD.MINI.IP,1.34486,1.34501,1.344935,170,2s
2026-03-11T03:41:31.325Z,CS.D.EURUSD.MINI.IP,1.1629,1.16296,1.16293,440,2s
2026-03-11T03:41:31.638Z,CS.D.GBPUSD.MINI.IP,1.34487,1.34502,1.344945,838,2s
2026-03-11T03:42:24.265Z,CS.D.EURUSD.MINI.IP,1.16299,1.16305,1.16302,616,2s
2026-03-11T03:42:24.314Z,CS.D.EURUSD.MINI.IP,1.16299,1.16305,1.16302,652,2s
2026-03-11T03:42:24.367Z,CS.D.EURUSD.MINI.IP,1.16299,1.16305,1.16302,196,2s
2026-03-11T03:42:24.622Z,CS.D.GBPUSD.MINI.IP,1.34486,1.34501,1.344935,1004,2s
2026-03-11T03:42:24.659Z,CS.D.GBPUSD.MINI.IP,1.34486,1.34501,1.344935,795,2s
2026-03-11T03:42:24.690Z,CS.D.GBPUSD.MINI.IP,1.34486,1.34501,1.344935,1071,2s
2026-03-11T03:42:25.449Z,CS.D.EURUSD.MINI.IP,1.16299,1.16305,1.16302,1039,2s
2026-03-11T03:42:25.773Z,CS.D.GBPUSD.MINI.IP,1.3449,1.34505,1.344975,257,2s
2026-03-11T03:42:25.905Z,CS.D.EURUSD.MINI.IP,1.16299,1.16305,1.16302,977,2s
2026-03-11T03:42:26.221Z,CS.D.GBPUSD.MINI.IP,1.3449,1.34505,1.344975,514,2s
2026-03-11T03:42:27.174Z,CS.D.EURUSD.MINI.IP,1.16298,1.16304,1.1630099999999999,385,2s
2026-03-11T03:42:27.215Z,CS.D.EURUSD.MINI.IP,1.16298,1.16304,1.1630099999999999,335,2s
2026-03-11T03:42:27.399Z,CS.D.EURUSD.MINI.IP,1.16298,1.16304,1.1630099999999999,941,2s
2026-03-11T03:42:27.508Z,CS.D.GBPUSD.MINI.IP,1.3449,1.34505,1.344975,317,2s
2026-03-11T03:42:27.537Z,CS.D.GBPUSD.MINI.IP,1.3449,1.34505,1.344975,708,2s
2026-03-11T03:42:27.724Z,CS.D.GBPUSD.MINI.IP,1.3449,1.34505,1.344975,1052,2s
2026-03-11T03:42:28.459Z,CS.D.EURUSD.MINI.IP,1.16298,1.16304,1.1630099999999999,454,2s
2026-03-11T03:42:28.779Z,CS.D.GBPUSD.MINI.IP,1.34491,1.34506,1.3449849999999999,806,2s
2026-03-11T03:42:28.936Z,CS.D.EURUSD.MINI.IP,1.16298,1.16304,1.1630099999999999,883,2s
2026-03-11T03:42:29.263Z,CS.D.GBPUSD.MINI.IP,1.3449,1.34505,1.344975,367,2s
2026-03-11T03:42:30.231Z,CS.D.EURUSD.MINI.IP,1.16298,1.16304,1.1630099999999999,741,2s
2026-03-11T03:42:30.251Z,CS.D.EURUSD.MINI.IP,1.16298,1.16304,1.1630099999999999,740,2s
2026-03-11T03:42:30.409Z,CS.D.EURUSD.MINI.IP,1.16298,1.16304,1.1630099999999999,860,2s
2026-03-11T03:42:30.554Z,CS.D.GBPUSD.MINI.IP,1.3449,1.34505,1.344975,1061,2s
2026-03-11T03:42:30.557Z,CS.D.GBPUSD.MINI.IP,1.3449,1.34505,1.344975,346,2s
2026-03-11T03:42:30.739Z,CS.D.GBPUSD.MINI.IP,1.3449,1.34505,1.344975,493,2s
2026-03-11T03:42:31.448Z,CS.D.EURUSD.MINI.IP,1.16298,1.16307,1.163025,783,2s
2026-03-11T03:42:31.775Z,CS.D.GBPUSD.MINI.IP,1.34489,1.34504,1.344965,221,2s
2026-03-11T03:42:32.051Z,CS.D.EURUSD.MINI.IP,1.16298,1.16307,1.163025,129,2s
2026-03-11T03:43:24.346Z,CS.D.EURUSD.MINI.IP,1.16296,1.16305,1.163005,773,2s
2026-03-11T03:43:24.354Z,CS.D.EURUSD.MINI.IP,1.16296,1.16305,1.163005,865,2s
2026-03-11T03:43:24.599Z,CS.D.EURUSD.MINI.IP,1.16296,1.16305,1.163005,312,2s
2026-03-11T03:43:24.678Z,CS.D.GBPUSD.MINI.IP,1.345,1.34509,1.3450449999999998,441,2s
2026-03-11T03:43:24.681Z,CS.D.GBPUSD.MINI.IP,1.345,1.34509,1.3450449999999998,840,2s
2026-03-11T03:43:24.938Z,CS.D.GBPUSD.MINI.IP,1.345,1.34509,1.3450449999999998,1015,2s
2026-03-11T03:43:25.630Z,CS.D.EURUSD.MINI.IP,1.16296,1.16305,1.163005,606,2s
2026-03-11T03:43:25.970Z,CS.D.GBPUSD.MINI.IP,1.34499,1.34508,1.345035,105,2s
2026-03-11T03:43:26.194Z,CS.D.EURUSD.MINI.IP,1.16296,1.16305,1.163005,1098,2s
2026-03-11T03:43:26.542Z,CS.D.GBPUSD.MINI.IP,1.34499,1.34508,1.345035,337,2s
2026-03-11T03:43:27.362Z,CS.D.EURUSD.MINI.IP,1.16296,1.16305,1.163005,420,2s
2026-03-11T03:43:27.589Z,CS.D.EURUSD.MINI.IP,1.16296,1.16305,1.163005,1059,2s
2026-03-11T03:43:27.694Z,CS.D.GBPUSD.MINI.IP,1.34499,1.34508,1.345035,801,2s
2026-03-11T03:43:27.845Z,CS.D.EURUSD.MINI.IP,1.16297,1.16306,1.1630150000000001,336,2s
2026-03-11T03:43:27.913Z,CS.D.GBPUSD.MINI.IP,1.34501,1.3451,1.345055,575,2s
2026-03-11T03:43:28.175Z,CS.D.GBPUSD.MINI.IP,1.34501,1.3451,1.345055,532,2s
2026-03-11T03:43:28.640Z,CS.D.EURUSD.MINI.IP,1.16297,1.16306,1.1630150000000001,413,2s
2026-03-11T03:43:28.973Z,CS.D.GBPUSD.MINI.IP,1.345,1.34509,1.3450449999999998,438,2s
2026-03-11T03:43:29.155Z,CS.D.EURUSD.MINI.IP,1.16297,1.16306,1.1630150000000001,529,2s
2026-03-11T03:43:29.484Z,CS.D.GBPUSD.MINI.IP,1.345,1.34509,1.3450449999999998,234,2s
2026-03-11T03:43:30.327Z,CS.D.EURUSD.MINI.IP,1.16297,1.16306,1.1630150000000001,501,2s
2026-03-11T03:43:30.359Z,CS.D.EURUSD.MINI.IP,1.16297,1.16306,1.1630150000000001,761,2s
2026-03-11T03:43:30.677Z,CS.D.EURUSD.MINI.IP,1.16297,1.16306,1.1630150000000001,488,2s
2026-03-11T03:43:30.732Z,CS.D.GBPUSD.MINI.IP,1.345,1.34509,1.3450449999999998,459,2s
2026-03-11T03:43:30.750Z,CS.D.GBPUSD.MINI.IP,1.345,1.34509,1.3450449999999998,954,2s
2026-03-11T03:43:30.998Z,CS.D.GBPUSD.MINI.IP,1.345,1.34509,1.3450449999999998,212,2s
2026-03-11T03:43:31.610Z,CS.D.EURUSD.MINI.IP,1.16296,1.16305,1.163005,169,2s
2026-03-11T03:43:31.948Z,CS.D.GBPUSD.MINI.IP,1.34501,1.3451,1.345055,396,2s
2026-03-11T03:43:32.160Z,CS.D.EURUSD.MINI.IP,1.16298,1.16307,1.163025,1007,2s
2026-03-11T03:44:24.610Z,CS.D.EURUSD.MINI.IP,1.16307,1.16313,1.1631,795,2s
2026-03-11T03:44:24.631Z,CS.D.EURUSD.MINI.IP,1.16307,1.16313,1.1631,443,2s
2026-03-11T03:44:24.739Z,CS.D.EURUSD.MINI.IP,1.16307,1.16313,1.1631,874,2s
2026-03-11T03:44:24.971Z,CS.D.GBPUSD.MINI.IP,1.3451,1.34519,1.345145,961,2s
2026-03-11T03:44:25.011Z,CS.D.GBPUSD.MINI.IP,1.3451,1.34519,1.345145,854,2s
2026-03-11T03:44:25.095Z,CS.D.GBPUSD.MINI.IP,1.3451,1.34519,1.345145,716,2s
2026-03-11T03:44:25.817Z,CS.D.EURUSD.MINI.IP,1.16307,1.16313,1.1631,177,2s
2026-03-11T03:44:26.159Z,CS.D.GBPUSD.MINI.IP,1.34511,1.3452,1.345155,1016,2s
2026-03-11T03:44:26.309Z,CS.D.EURUSD.MINI.IP,1.16306,1.16312,1.16309,302,2s
2026-03-11T03:44:26.646Z,CS.D.GBPUSD.MINI.IP,1.34511,1.3452,1.345155,335,2s
2026-03-11T03:44:27.517Z,CS.D.EURUSD.MINI.IP,1.16306,1.16312,1.16309,360,2s
2026-03-11T03:44:27.727Z,CS.D.EURUSD.MINI.IP,1.16306,1.16312,1.16309,498,2s
2026-03-11T03:44:27.856Z,CS.D.GBPUSD.MINI.IP,1.34511,1.3452,1.345155,358,2s
2026-03-11T03:44:28.056Z,CS.D.EURUSD.MINI.IP,1.16305,1.16311,1.16308,398,2s
2026-03-11T03:44:28.072Z,CS.D.GBPUSD.MINI.IP,1.34511,1.3452,1.345155,756,2s
2026-03-11T03:44:28.392Z,CS.D.GBPUSD.MINI.IP,1.34511,1.3452,1.345155,778,2s
2026-03-11T03:44:28.816Z,CS.D.EURUSD.MINI.IP,1.16305,1.16311,1.16308,354,2s
2026-03-11T03:44:29.137Z,CS.D.GBPUSD.MINI.IP,1.3451,1.34519,1.345145,892,2s
2026-03-11T03:44:29.320Z,CS.D.EURUSD.MINI.IP,1.16305,1.16311,1.16308,251,2s
2026-03-11T03:44:29.658Z,CS.D.GBPUSD.MINI.IP,1.3451,1.34519,1.345145,978,2s
2026-03-11T03:44:30.515Z,CS.D.EURUSD.MINI.IP,1.16304,1.1631,1.16307,550,2s
2026-03-11T03:44:30.535Z,CS.D.EURUSD.MINI.IP,1.16304,1.1631,1.16307,965,2s
2026-03-11T03:44:30.762Z,CS.D.EURUSD.MINI.IP,1.16305,1.16311,1.16308,725,2s
2026-03-11T03:44:30.839Z,CS.D.GBPUSD.MINI.IP,1.34511,1.3452,1.345155,1030,2s
2026-03-11T03:44:30.872Z,CS.D.GBPUSD.MINI.IP,1.34511,1.3452,1.345155,131,2s
2026-03-11T03:44:31.111Z,CS.D.GBPUSD.MINI.IP,1.34511,1.3452,1.345155,1099,2s
2026-03-11T03:44:31.842Z,CS.D.EURUSD.MINI.IP,1.16306,1.16312,1.16309,982,2s
2026-03-11T03:44:32.175Z,CS.D.GBPUSD.MINI.IP,1.34511,1.3452,1.345155,953,2s
2026-03-11T03:44:32.332Z,CS.D.EURUSD.MINI.IP,1.16306,1.16312,1.16309,915,2s
2026-03-11T03:45:24.661Z,CS.D.EURUSD.MINI.IP,1.16305,1.16314,1.163095,158,2s
2026-03-11T03:45:25.008Z,CS.D.GBPUSD.MINI.IP,1.34521,1.3453,1.3452549999999999,723,2s
2026-03-11T03:45:25.250Z,CS.D.EURUSD.MINI.IP,1.16305,1.16314,1.163095,910,2s
2026-03-11T03:45:25.596Z,CS.D.GBPUSD.MINI.IP,1.3452,1.34529,1.345245,318,2s
2026-03-11T03:45:25.671Z,CS.D.EURUSD.MINI.IP,1.16307,1.16316,1.163115,308,2s
2026-03-11T03:45:25.964Z,CS.D.EURUSD.MINI.IP,1.16307,1.16316,1.163115,277,2s
2026-03-11T03:45:26.027Z,CS.D.GBPUSD.MINI.IP,1.34521,1.3453,1.3452549999999999,409,2s
2026-03-11T03:45:26.307Z,CS.D.GBPUSD.MINI.IP,1.34521,1.3453,1.3452549999999999,273,2s
2026-03-11T03:45:26.479Z,CS.D.EURUSD.MINI.IP,1.16307,1.16316,1.163115,150,2s
2026-03-11T03:45:26.799Z,CS.D.GBPUSD.MINI.IP,1.3452,1.34529,1.345245,874,2s
2026-03-11T03:45:27.663Z,CS.D.EURUSD.MINI.IP,1.16307,1.16316,1.163115,664,2s
2026-03-11T03:45:27.774Z,CS.D.EURUSD.MINI.IP,1.16307,1.16316,1.163115,453,2s
2026-03-11T03:45:27.867Z,CS.D.EURUSD.MINI.IP,1.16307,1.16316,1.163115,372,2s
2026-03-11T03:45:27.999Z,CS.D.GBPUSD.MINI.IP,1.34521,1.3453,1.3452549999999999,437,2s
2026-03-11T03:45:28.096Z,CS.D.GBPUSD.MINI.IP,1.34521,1.3453,1.3452549999999999,288,2s
2026-03-11T03:45:28.182Z,CS.D.GBPUSD.MINI.IP,1.34521,1.3453,1.3452549999999999,993,2s
2026-03-11T03:45:29.082Z,CS.D.EURUSD.MINI.IP,1.16307,1.16316,1.163115,632,2s
2026-03-11T03:45:29.476Z,CS.D.GBPUSD.MINI.IP,1.34521,1.3453,1.3452549999999999,337,2s
2026-03-11T03:45:29.528Z,CS.D.EURUSD.MINI.IP,1.16307,1.16316,1.163115,399,2s
2026-03-11T03:45:29.873Z,CS.D.GBPUSD.MINI.IP,1.3452,1.34529,1.345245,305,2s
2026-03-11T03:45:30.673Z,CS.D.EURUSD.MINI.IP,1.16308,1.16317,1.163125,959,2s
2026-03-11T03:45:30.731Z,CS.D.EURUSD.MINI.IP,1.16308,1.16317,1.163125,560,2s
2026-03-11T03:45:30.878Z,CS.D.EURUSD.MINI.IP,1.16308,1.16317,1.163125,952,2s
2026-03-11T03:45:30.994Z,CS.D.GBPUSD.MINI.IP,1.34519,1.34528,1.3452350000000002,769,2s
2026-03-11T03:45:31.074Z,CS.D.GBPUSD.MINI.IP,1.34519,1.34528,1.3452350000000002,260,2s
2026-03-11T03:45:31.196Z,CS.D.GBPUSD.MINI.IP,1.34517,1.34526,1.345215,465,2s
2026-03-11T03:45:31.984Z,CS.D.EURUSD.MINI.IP,1.16307,1.16316,1.163115,401,2s
2026-03-11T03:46:24.838Z,CS.D.EURUSD.MINI.IP,1.1631,1.16319,1.163145,508,2s
2026-03-11T03:46:24.920Z,CS.D.EURUSD.MINI.IP,1.1631,1.16319,1.163145,790,2s
2026-03-11T03:46:24.999Z,CS.D.EURUSD.MINI.IP,1.1631,1.16319,1.163145,915,2s
2026-03-11T03:46:25.171Z,CS.D.GBPUSD.MINI.IP,1.34525,1.34534,1.3452950000000001,1065,2s
2026-03-11T03:46:25.259Z,CS.D.GBPUSD.MINI.IP,1.34525,1.34534,1.3452950000000001,698,2s
2026-03-11T03:46:25.317Z,CS.D.GBPUSD.MINI.IP,1.34525,1.34534,1.3452950000000001,205,2s
2026-03-11T03:46:26.135Z,CS.D.EURUSD.MINI.IP,1.16312,1.16321,1.163165,166,2s
2026-03-11T03:46:26.475Z,CS.D.GBPUSD.MINI.IP,1.34524,1.34533,1.345285,314,2s
2026-03-11T03:46:26.718Z,CS.D.EURUSD.MINI.IP,1.16312,1.16321,1.163165,1099,2s
2026-03-11T03:46:27.041Z,CS.D.GBPUSD.MINI.IP,1.34524,1.34533,1.345285,210,2s
2026-03-11T03:46:27.866Z,CS.D.EURUSD.MINI.IP,1.16312,1.16321,1.163165,1073,2s
2026-03-11T03:46:28.018Z,CS.D.EURUSD.MINI.IP,1.16312,1.16321,1.163165,151,2s
2026-03-11T03:46:28.036Z,CS.D.EURUSD.MINI.IP,1.16312,1.16321,1.163165,393,2s
2026-03-11T03:46:28.199Z,CS.D.GBPUSD.MINI.IP,1.34522,1.34531,1.345265,848,2s
2026-03-11T03:46:28.345Z,CS.D.GBPUSD.MINI.IP,1.34522,1.34531,1.345265,596,2s
2026-03-11T03:46:28.363Z,CS.D.GBPUSD.MINI.IP,1.34522,1.34531,1.345265,212,2s
2026-03-11T03:46:29.130Z,CS.D.EURUSD.MINI.IP,1.16312,1.16321,1.163165,378,2s
2026-03-11T03:46:29.469Z,CS.D.GBPUSD.MINI.IP,1.34522,1.34531,1.345265,892,2s
2026-03-11T03:46:29.736Z,CS.D.EURUSD.MINI.IP,1.16312,1.16321,1.163165,932,2s
2026-03-11T03:46:30.082Z,CS.D.GBPUSD.MINI.IP,1.34522,1.34531,1.345265,198,2s
2026-03-11T03:46:30.882Z,CS.D.EURUSD.MINI.IP,1.16313,1.16322,1.1631749999999998,143,2s
2026-03-11T03:46:30.928Z,CS.D.EURUSD.MINI.IP,1.16313,1.16322,1.1631749999999998,496,2s
2026-03-11T03:46:31.014Z,CS.D.EURUSD.MINI.IP,1.16313,1.16322,1.1631749999999998,416,2s
2026-03-11T03:46:31.219Z,CS.D.GBPUSD.MINI.IP,1.34522,1.34531,1.345265,535,2s
2026-03-11T03:46:31.262Z,CS.D.GBPUSD.MINI.IP,1.34522,1.34531,1.345265,161,2s
2026-03-11T03:46:31.347Z,CS.D.GBPUSD.MINI.IP,1.34522,1.34531,1.345265,1093,2s
2026-03-11T03:46:32.176Z,CS.D.EURUSD.MINI.IP,1.16313,1.16322,1.1631749999999998,456,2s
2026-03-11T03:46:32.507Z,CS.D.GBPUSD.MINI.IP,1.34522,1.34531,1.345265,932,2s
2026-03-11T03:46:32.724Z,CS.D.EURUSD.MINI.IP,1.16314,1.16323,1.163185,173,2s
2026-03-11T03:47:25.050Z,CS.D.EURUSD.MINI.IP,1.16306,1.16312,1.16309,920,2s
2026-03-11T03:47:25.099Z,CS.D.EURUSD.MINI.IP,1.16306,1.16312,1.16309,592,2s
2026-03-11T03:47:25.153Z,CS.D.EURUSD.MINI.IP,1.16306,1.16312,1.16309,442,2s
2026-03-11T03:47:25.375Z,CS.D.GBPUSD.MINI.IP,1.34507,1.34516,1.3451149999999998,310,2s
2026-03-11T03:47:25.445Z,CS.D.GBPUSD.MINI.IP,1.34507,1.34516,1.3451149999999998,828,2s
2026-03-11T03:47:25.489Z,CS.D.GBPUSD.MINI.IP,1.34507,1.34516,1.3451149999999998,532,2s
2026-03-11T03:47:26.246Z,CS.D.EURUSD.MINI.IP,1.16305,1.16311,1.16308,1049,2s
2026-03-11T03:47:26.682Z,CS.D.GBPUSD.MINI.IP,1.34507,1.34516,1.3451149999999998,154,2s
2026-03-11T03:47:26.951Z,CS.D.EURUSD.MINI.IP,1.16305,1.16311,1.16308,818,2s
2026-03-11T03:47:27.257Z,CS.D.GBPUSD.MINI.IP,1.34507,1.34516,1.3451149999999998,746,2s
2026-03-11T03:47:28.058Z,CS.D.EURUSD.MINI.IP,1.16305,1.16311,1.16308,1048,2s
2026-03-11T03:47:28.105Z,CS.D.EURUSD.MINI.IP,1.16305,1.16311,1.16308,404,2s
2026-03-11T03:47:28.216Z,CS.D.EURUSD.MINI.IP,1.16305,1.16311,1.16308,701,2s
2026-03-11T03:47:28.401Z,CS.D.GBPUSD.MINI.IP,1.34507,1.34516,1.3451149999999998,845,2s
2026-03-11T03:47:28.441Z,CS.D.GBPUSD.MINI.IP,1.34507,1.34516,1.3451149999999998,1053,2s
2026-03-11T03:47:28.555Z,CS.D.GBPUSD.MINI.IP,1.34507,1.34516,1.3451149999999998,522,2s
2026-03-11T03:47:29.248Z,CS.D.EURUSD.MINI.IP,1.16305,1.16311,1.16308,981,2s
2026-03-11T03:47:29.591Z,CS.D.GBPUSD.MINI.IP,1.34507,1.34516,1.3451149999999998,147,2s
2026-03-11T03:47:29.889Z,CS.D.EURUSD.MINI.IP,1.16305,1.16311,1.16308,159,2s
2026-03-11T03:47:30.210Z,CS.D.GBPUSD.MINI.IP,1.34507,1.34516,1.3451149999999998,390,2s
2026-03-11T03:47:31.099Z,CS.D.EURUSD.MINI.IP,1.16304,1.1631,1.16307,163,2s
2026-03-11T03:47:31.139Z,CS.D.EURUSD.MINI.IP,1.16304,1.1631,1.16307,873,2s
2026-03-11T03:47:31.152Z,CS.D.EURUSD.MINI.IP,1.16304,1.1631,1.16307,569,2s
2026-03-11T03:47:31.453Z,CS.D.GBPUSD.MINI.IP,1.34507,1.34516,1.3451149999999998,330,2s
2026-03-11T03:47:31.505Z,CS.D.GBPUSD.MINI.IP,1.34507,1.34516,1.3451149999999998,905,2s
2026-03-11T03:47:31.517Z,CS.D.GBPUSD.MINI.IP,1.34507,1.34516,1.3451149999999998,971,2s
2026-03-11T03:47:32.277Z,CS.D.EURUSD.MINI.IP,1.16304,1.1631,1.16307,105,2s
2026-03-11T03:47:32.610Z,CS.D.GBPUSD.MINI.IP,1.34507,1.34516,1.3451149999999998,420,2s
2026-03-11T03:47:32.892Z,CS.D.EURUSD.MINI.IP,1.16304,1.1631,1.16307,1027,2s
2026-03-11T03:48:25.204Z,CS.D.EURUSD.MINI.IP,1.1629,1.16299,1.1629450000000001,229,2s
2026-03-11T03:48:25.287Z,CS.D.EURUSD.MINI.IP,1.1629,1.16299,1.1629450000000001,442,2s
2026-03-11T03:48:25.305Z,CS.D.EURUSD.MINI.IP,1.1629,1.16299,1.1629450000000001,327,2s
2026-03-11T03:48:25.535Z,CS.D.GBPUSD.MINI.IP,1.34502,1.34511,1.345065,452,2s
2026-03-11T03:48:25.606Z,CS.D.GBPUSD.MINI.IP,1.34501,1.3451,1.345055,580,2s
2026-03-11T03:48:25.641Z,CS.D.GBPUSD.MINI.IP,1.34501,1.3451,1.345055,404,2s
2026-03-11T03:48:26.427Z,CS.D.EURUSD.MINI.IP,1.1629,1.16299,1.1629450000000001,616,2s
2026-03-11T03:48:26.757Z,CS.D.GBPUSD.MINI.IP,1.34501,1.3451,1.345055,1060,2s
2026-03-11T03:48:27.064Z,CS.D.EURUSD.MINI.IP,1.1629,1.16299,1.1629450000000001,164,2s
2026-03-11T03:48:27.392Z,CS.D.GBPUSD.MINI.IP,1.34501,1.3451,1.345055,594,2s
2026-03-11T03:48:28.191Z,CS.D.EURUSD.MINI.IP,1.1629,1.16299,1.1629450000000001,476,2s
2026-03-11T03:48:28.314Z,CS.D.EURUSD.MINI.IP,1.1629,1.16299,1.1629450000000001,195,2s
2026-03-11T03:48:28.333Z,CS.D.EURUSD.MINI.IP,1.1629,1.16299,1.1629450000000001,105,2s
2026-03-11T03:48:28.510Z,CS.D.GBPUSD.MINI.IP,1.34501,1.3451,1.345055,154,2s
2026-03-11T03:48:28.683Z,CS.D.GBPUSD.MINI.IP,1.34501,1.3451,1.345055,1089,2s
2026-03-11T03:48:28.692Z,CS.D.GBPUSD.MINI.IP,1.34501,1.3451,1.345055,790,2s
2026-03-11T03:48:29.455Z,CS.D.EURUSD.MINI.IP,1.16288,1.16297,1.162925,1016,2s
2026-03-11T03:48:29.791Z,CS.D.GBPUSD.MINI.IP,1.34501,1.3451,1.345055,549,2s
2026-03-11T03:48:30.093Z,CS.D.EURUSD.MINI.IP,1.16288,1.16297,1.162925,270,2s
2026-03-11T03:48:30.455Z,CS.D.GBPUSD.MINI.IP,1.34501,1.3451,1.345055,371,2s
2026-03-11T03:48:31.311Z,CS.D.EURUSD.MINI.IP,1.1629,1.16299,1.1629450000000001,196,2s
2026-03-11T03:48:31.314Z,CS.D.EURUSD.MINI.IP,1.1629,1.16299,1.1629450000000001,448,2s
2026-03-11T03:48:31.350Z,CS.D.EURUSD.MINI.IP,1.1629,1.16299,1.1629450000000001,233,2s
2026-03-11T03:48:31.634Z,CS.D.GBPUSD.MINI.IP,1.345,1.34509,1.3450449999999998,982,2s
2026-03-11T03:48:31.694Z,CS.D.GBPUSD.MINI.IP,1.345,1.34509,1.3450449999999998,504,2s
2026-03-11T03:48:31.705Z,CS.D.GBPUSD.MINI.IP,1.345,1.34509,1.3450449999999998,817,2s
2026-03-11T03:48:32.445Z,CS.D.EURUSD.MINI.IP,1.1629,1.16299,1.1629450000000001,542,2s
2026-03-11T03:48:32.760Z,CS.D.GBPUSD.MINI.IP,1.345,1.34509,1.3450449999999998,245,2s
2026-03-11T03:48:33.107Z,CS.D.EURUSD.MINI.IP,1.1629,1.16299,1.1629450000000001,306,2s
2026-03-11T03:49:25.339Z,CS.D.EURUSD.MINI.IP,1.16284,1.16293,1.1628850000000002,884,2s
2026-03-11T03:49:25.517Z,CS.D.EURUSD.MINI.IP,1.16284,1.16293,1.1628850000000002,788,2s
2026-03-11T03:49:25.533Z,CS.D.EURUSD.MINI.IP,1.16284,1.16293,1.1628850000000002,580,2s
2026-03-11T03:49:25.675Z,CS.D.GBPUSD.MINI.IP,1.3449,1.34499,1.344945,752,2s
2026-03-11T03:49:25.861Z,CS.D.GBPUSD.MINI.IP,1.3449,1.34499,1.344945,539,2s
2026-03-11T03:49:25.872Z,CS.D.GBPUSD.MINI.IP,1.3449,1.34499,1.344945,1096,2s
2026-03-11T03:49:26.595Z,CS.D.EURUSD.MINI.IP,1.16284,1.16293,1.1628850000000002,210,2s
2026-03-11T03:49:27.017Z,CS.D.GBPUSD.MINI.IP,1.3449,1.34499,1.344945,282,2s
2026-03-11T03:49:27.231Z,CS.D.EURUSD.MINI.IP,1.16284,1.16293,1.1628850000000002,1037,2s
2026-03-11T03:49:27.577Z,CS.D.GBPUSD.MINI.IP,1.3449,1.34499,1.344945,934,2s
2026-03-11T03:49:28.339Z,CS.D.EURUSD.MINI.IP,1.16284,1.16293,1.1628850000000002,1071,2s
2026-03-11T03:49:28.532Z,CS.D.EURUSD.MINI.IP,1.16285,1.16294,1.162895,714,2s
2026-03-11T03:49:28.551Z,CS.D.EURUSD.MINI.IP,1.16285,1.16294,1.162895,358,2s
2026-03-11T03:49:28.669Z,CS.D.GBPUSD.MINI.IP,1.34491,1.345,1.3449550000000001,898,2s
2026-03-11T03:49:28.871Z,CS.D.GBPUSD.MINI.IP,1.34491,1.345,1.3449550000000001,274,2s
2026-03-11T03:49:28.880Z,CS.D.GBPUSD.MINI.IP,1.34491,1.345,1.3449550000000001,808,2s
2026-03-11T03:49:29.577Z,CS.D.EURUSD.MINI.IP,1.16285,1.16294,1.162895,401,2s
2026-03-11T03:49:29.904Z,CS.D.GBPUSD.MINI.IP,1.3449,1.34499,1.344945,669,2s
2026-03-11T03:49:30.227Z,CS.D.EURUSD.MINI.IP,1.16285,1.16294,1.162895,585,2s
2026-03-11T03:49:30.539Z,CS.D.GBPUSD.MINI.IP,1.3449,1.34499,1.344945,608,2s
2026-03-11T03:49:31.336Z,CS.D.EURUSD.MINI.IP,1.16284,1.16293,1.1628850000000002,706,2s
2026-03-11T03:49:31.528Z,CS.D.EURUSD.MINI.IP,1.16284,1.16293,1.1628850000000002,648,2s
2026-03-11T03:49:31.549Z,CS.D.EURUSD.MINI.IP,1.16284,1.16293,1.1628850000000002,527,2s
2026-03-11T03:49:31.674Z,CS.D.GBPUSD.MINI.IP,1.3449,1.34499,1.344945,862,2s
2026-03-11T03:49:31.851Z,CS.D.GBPUSD.MINI.IP,1.3449,1.34499,1.344945,918,2s
2026-03-11T03:49:31.920Z,CS.D.GBPUSD.MINI.IP,1.3449,1.34499,1.344945,148,2s
2026-03-11T03:49:32.600Z,CS.D.EURUSD.MINI.IP,1.16283,1.16292,1.162875,169,2s
2026-03-11T03:49:32.932Z,CS.D.GBPUSD.MINI.IP,1.34493,1.34502,1.344975,757,2s
2026-03-11T03:50:25.493Z,CS.D.EURUSD.MINI.IP,1.16289,1.16298,1.162935,467,2s
2026-03-11T03:50:25.639Z,CS.D.EURUSD.MINI.IP,1.16289,1.16298,1.162935,1016,2s
2026-03-11T03:50:25.641Z,CS.D.EURUSD.MINI.IP,1.16289,1.16298,1.162935,978,2s
2026-03-11T03:50:25.825Z,CS.D.GBPUSD.MINI.IP,1.34495,1.34504,1.344995,930,2s
2026-03-11T03:50:25.971Z,CS.D.GBPUSD.MINI.IP,1.34495,1.34504,1.344995,135,2s
2026-03-11T03:50:25.984Z,CS.D.GBPUSD.MINI.IP,1.34495,1.34504,1.344995,742,2s
2026-03-11T03:50:26.740Z,CS.D.EURUSD.MINI.IP,1.16289,1.16298,1.162935,1080,2s
2026-03-11T03:50:27.071Z,CS.D.GBPUSD.MINI.IP,1.34495,1.34504,1.344995,576,2s
2026-03-11T03:50:27.362Z,CS.D.EURUSD.MINI.IP,1.16289,1.16298,1.162935,231,2s
2026-03-11T03:50:27.687Z,CS.D.GBPUSD.MINI.IP,1.34494,1.34503,1.3449849999999999,226,2s
2026-03-11T03:50:28.516Z,CS.D.EURUSD.MINI.IP,1.16289,1.16298,1.162935,585,2s
2026-03-11T03:50:28.652Z,CS.D.EURUSD.MINI.IP,1.16289,1.16298,1.162935,626,2s
2026-03-11T03:50:28.668Z,CS.D.EURUSD.MINI.IP,1.16289,1.16298,1.162935,1007,2s
2026-03-11T03:50:28.865Z,CS.D.GBPUSD.MINI.IP,1.34494,1.34503,1.3449849999999999,876,2s
2026-03-11T03:50:29.004Z,CS.D.GBPUSD.MINI.IP,1.34494,1.34503,1.3449849999999999,210,2s
2026-03-11T03:50:29.019Z,CS.D.GBPUSD.MINI.IP,1.34494,1.34503,1.3449849999999999,580,2s
2026-03-11T03:50:29.839Z,CS.D.EURUSD.MINI.IP,1.16289,1.16298,1.162935,1089,2s
2026-03-11T03:50:30.159Z,CS.D.GBPUSD.MINI.IP,1.34494,1.34503,1.3449849999999999,964,2s
2026-03-11T03:50:30.348Z,CS.D.EURUSD.MINI.IP,1.16289,1.16298,1.162935,907,2s
2026-03-11T03:50:30.681Z,CS.D.GBPUSD.MINI.IP,1.34493,1.34502,1.344975,1095,2s
2026-03-11T03:50:31.504Z,CS.D.EURUSD.MINI.IP,1.16289,1.16298,1.162935,905,2s
2026-03-11T03:50:31.650Z,CS.D.EURUSD.MINI.IP,1.16289,1.16298,1.162935,600,2s
2026-03-11T03:50:31.653Z,CS.D.EURUSD.MINI.IP,1.16289,1.16298,1.162935,362,2s
2026-03-11T03:50:31.836Z,CS.D.GBPUSD.MINI.IP,1.34493,1.34502,1.344975,988,2s
2026-03-11T03:50:31.986Z,CS.D.GBPUSD.MINI.IP,1.34493,1.34502,1.344975,1039,2s
2026-03-11T03:50:32.034Z,CS.D.GBPUSD.MINI.IP,1.34493,1.34502,1.344975,627,2s
2026-03-11T03:50:32.804Z,CS.D.EURUSD.MINI.IP,1.16288,1.16297,1.162925,112,2s
2026-03-11T03:50:33.134Z,CS.D.GBPUSD.MINI.IP,1.34494,1.34503,1.3449849999999999,649,2s
2026-03-11T03:50:33.382Z,CS.D.EURUSD.MINI.IP,1.16288,1.16297,1.162925,450,2s
2026-03-11T03:51:25.649Z,CS.D.EURUSD.MINI.IP,1.16281,1.1629,1.162855,346,2s
2026-03-11T03:51:25.786Z,CS.D.EURUSD.MINI.IP,1.16281,1.1629,1.162855,1025,2s
2026-03-11T03:51:25.794Z,CS.D.EURUSD.MINI.IP,1.16281,1.1629,1.162855,337,2s
2026-03-11T03:51:26.054Z,CS.D.GBPUSD.MINI.IP,1.34489,1.34498,1.344935,992,2s
2026-03-11T03:51:26.118Z,CS.D.GBPUSD.MINI.IP,1.34489,1.34498,1.344935,766,2s
2026-03-11T03:51:26.128Z,CS.D.GBPUSD.MINI.IP,1.34489,1.34498,1.344935,436,2s
2026-03-11T03:51:26.957Z,CS.D.EURUSD.MINI.IP,1.16281,1.1629,1.162855,645,2s
2026-03-11T03:51:27.296Z,CS.D.GBPUSD.MINI.IP,1.34489,1.34498,1.344935,780,2s
2026-03-11T03:51:27.526Z,CS.D.EURUSD.MINI.IP,1.16281,1.1629,1.162855,606,2s
2026-03-11T03:51:27.857Z,CS.D.GBPUSD.MINI.IP,1.34489,1.34498,1.344935,161,2s
2026-03-11T03:51:28.617Z,CS.D.EURUSD.MINI.IP,1.16283,1.16292,1.162875,944,2s
2026-03-11T03:51:28.810Z,CS.D.EURUSD.MINI.IP,1.16283,1.16292,1.162875,1046,2s
2026-03-11T03:51:28.815Z,CS.D.EURUSD.MINI.IP,1.16283,1.16292,1.162875,864,2s
2026-03-11T03:51:28.951Z,CS.D.GBPUSD.MINI.IP,1.34489,1.34498,1.344935,536,2s
2026-03-11T03:51:29.187Z,CS.D.GBPUSD.MINI.IP,1.34489,1.34498,1.344935,224,2s
2026-03-11T03:51:29.194Z,CS.D.GBPUSD.MINI.IP,1.34489,1.34498,1.344935,587,2s
2026-03-11T03:51:29.973Z,CS.D.EURUSD.MINI.IP,1.16283,1.16292,1.162875,402,2s
2026-03-11T03:51:30.320Z,CS.D.GBPUSD.MINI.IP,1.34489,1.34498,1.344935,903,2s
2026-03-11T03:51:30.527Z,CS.D.EURUSD.MINI.IP,1.16283,1.16292,1.162875,631,2s
2026-03-11T03:51:30.876Z,CS.D.GBPUSD.MINI.IP,1.3449,1.34499,1.344945,450,2s
2026-03-11T03:51:31.621Z,CS.D.EURUSD.MINI.IP,1.16283,1.16292,1.162875,495,2s
2026-03-11T03:51:31.805Z,CS.D.EURUSD.MINI.IP,1.16283,1.16292,1.162875,1010,2s
2026-03-11T03:51:31.817Z,CS.D.EURUSD.MINI.IP,1.16283,1.16292,1.162875,103,2s
2026-03-11T03:51:31.976Z,CS.D.GBPUSD.MINI.IP,1.3449,1.34499,1.344945,319,2s
2026-03-11T03:51:32.154Z,CS.D.GBPUSD.MINI.IP,1.3449,1.34499,1.344945,664,2s
2026-03-11T03:51:32.160Z,CS.D.GBPUSD.MINI.IP,1.3449,1.34499,1.344945,508,2s
2026-03-11T03:51:32.979Z,CS.D.EURUSD.MINI.IP,1.16283,1.16292,1.162875,183,2s
2026-03-11T03:51:33.310Z,CS.D.GBPUSD.MINI.IP,1.34491,1.345,1.3449550000000001,844,2s
2026-03-11T03:51:33.531Z,CS.D.EURUSD.MINI.IP,1.16283,1.16292,1.162875,661,2s
2026-03-11T03:52:25.752Z,CS.D.EURUSD.MINI.IP,1.16272,1.16281,1.1627649999999998,298,2s
2026-03-11T03:52:25.964Z,CS.D.EURUSD.MINI.IP,1.16272,1.16281,1.1627649999999998,338,2s
2026-03-11T03:52:25.967Z,CS.D.EURUSD.MINI.IP,1.16272,1.16281,1.1627649999999998,223,2s
2026-03-11T03:52:26.076Z,CS.D.GBPUSD.MINI.IP,1.34478,1.34487,1.3448250000000002,658,2s
2026-03-11T03:52:26.302Z,CS.D.GBPUSD.MINI.IP,1.34478,1.34487,1.3448250000000002,960,2s
2026-03-11T03:52:26.307Z,CS.D.GBPUSD.MINI.IP,1.34478,1.34487,1.3448250000000002,809,2s
2026-03-11T03:52:27.114Z,CS.D.EURUSD.MINI.IP,1.16272,1.16281,1.1627649999999998,758,2s
2026-03-11T03:52:27.441Z,CS.D.GBPUSD.MINI.IP,1.34477,1.34486,1.344815,762,2s
2026-03-11T03:52:27.679Z,CS.D.EURUSD.MINI.IP,1.16272,1.16281,1.1627649999999998,1026,2s
2026-03-11T03:52:28.015Z,CS.D.GBPUSD.MINI.IP,1.34477,1.34486,1.344815,593,2s
2026-03-11T03:52:28.770Z,CS.D.EURUSD.MINI.IP,1.16271,1.1628,1.162755,494,2s
2026-03-11T03:52:28.957Z,CS.D.EURUSD.MINI.IP,1.16271,1.1628,1.162755,196,2s
2026-03-11T03:52:28.966Z,CS.D.EURUSD.MINI.IP,1.16271,1.1628,1.162755,275,2s
2026-03-11T03:52:29.089Z,CS.D.GBPUSD.MINI.IP,1.34476,1.34485,1.344805,898,2s
2026-03-11T03:52:29.302Z,CS.D.GBPUSD.MINI.IP,1.34476,1.34485,1.344805,620,2s
2026-03-11T03:52:29.325Z,CS.D.GBPUSD.MINI.IP,1.34476,1.34485,1.344805,947,2s
2026-03-11T03:52:30.095Z,CS.D.EURUSD.MINI.IP,1.16271,1.1628,1.162755,267,2s
2026-03-11T03:52:30.420Z,CS.D.GBPUSD.MINI.IP,1.34473,1.34482,1.3447749999999998,538,2s
2026-03-11T03:52:30.682Z,CS.D.EURUSD.MINI.IP,1.16271,1.1628,1.162755,245,2s
2026-03-11T03:52:31.029Z,CS.D.GBPUSD.MINI.IP,1.34478,1.34487,1.3448250000000002,188,2s
2026-03-11T03:52:31.780Z,CS.D.EURUSD.MINI.IP,1.16272,1.16281,1.1627649999999998,1033,2s
2026-03-11T03:52:31.970Z,CS.D.EURUSD.MINI.IP,1.16272,1.16281,1.1627649999999998,304,2s
2026-03-11T03:52:31.980Z,CS.D.EURUSD.MINI.IP,1.16272,1.16281,1.1627649999999998,237,2s
2026-03-11T03:52:32.107Z,CS.D.GBPUSD.MINI.IP,1.34477,1.34486,1.344815,182,2s
2026-03-11T03:52:32.321Z,CS.D.GBPUSD.MINI.IP,1.34477,1.34486,1.344815,172,2s
2026-03-11T03:52:32.328Z,CS.D.GBPUSD.MINI.IP,1.34477,1.34486,1.344815,834,2s
2026-03-11T03:52:33.097Z,CS.D.EURUSD.MINI.IP,1.16272,1.16281,1.1627649999999998,799,2s
2026-03-11T03:52:33.412Z,CS.D.GBPUSD.MINI.IP,1.34477,1.34486,1.344815,578,2s
2026-03-11T03:52:33.717Z,CS.D.EURUSD.MINI.IP,1.16272,1.16281,1.1627649999999998,458,2s
2026-03-11T03:53:25.856Z,CS.D.EURUSD.MINI.IP,1.16271,1.1628,1.162755,664,2s
2026-03-11T03:53:26.185Z,CS.D.GBPUSD.MINI.IP,1.3447,1.34479,1.344745,818,2s
2026-03-11T03:53:26.544Z,CS.D.EURUSD.MINI.IP,1.16271,1.1628,1.162755,801,2s
2026-03-11T03:53:26.570Z,CS.D.EURUSD.MINI.IP,1.16271,1.1628,1.162755,252,2s
2026-03-11T03:53:26.877Z,CS.D.GBPUSD.MINI.IP,1.3447,1.34479,1.344745,893,2s
2026-03-11T03:53:26.897Z,CS.D.GBPUSD.MINI.IP,1.3447,1.34479,1.344745,256,2s
2026-03-11T03:53:27.254Z,CS.D.EURUSD.MINI.IP,1.16271,1.1628,1.162755,1034,2s
2026-03-11T03:53:27.586Z,CS.D.GBPUSD.MINI.IP,1.34468,1.34477,1.344725,714,2s
2026-03-11T03:53:27.854Z,CS.D.EURUSD.MINI.IP,1.16266,1.16275,1.1627049999999999,592,2s
2026-03-11T03:53:28.236Z,CS.D.GBPUSD.MINI.IP,1.3447,1.34479,1.344745,199,2s
2026-03-11T03:53:28.860Z,CS.D.EURUSD.MINI.IP,1.16268,1.16277,1.162725,886,2s
2026-03-11T03:53:29.187Z,CS.D.GBPUSD.MINI.IP,1.3447,1.34479,1.344745,160,2s
2026-03-11T03:53:29.219Z,CS.D.EURUSD.MINI.IP,1.16268,1.16277,1.162725,394,2s
2026-03-11T03:53:29.253Z,CS.D.EURUSD.MINI.IP,1.16268,1.16277,1.162725,837,2s
2026-03-11T03:53:29.572Z,CS.D.GBPUSD.MINI.IP,1.3447,1.34479,1.344745,696,2s
2026-03-11T03:53:29.576Z,CS.D.GBPUSD.MINI.IP,1.3447,1.34479,1.344745,611,2s
2026-03-11T03:53:30.241Z,CS.D.EURUSD.MINI.IP,1.16268,1.16277,1.162725,834,2s
2026-03-11T03:53:30.586Z,CS.D.GBPUSD.MINI.IP,1.3447,1.34479,1.344745,756,2s
2026-03-11T03:53:30.839Z,CS.D.EURUSD.MINI.IP,1.16268,1.16277,1.162725,970,2s
2026-03-11T03:53:31.181Z,CS.D.GBPUSD.MINI.IP,1.3447,1.34479,1.344745,1072,2s
2026-03-11T03:53:31.937Z,CS.D.EURUSD.MINI.IP,1.16268,1.16277,1.162725,480,2s
2026-03-11T03:53:32.196Z,CS.D.EURUSD.MINI.IP,1.16268,1.16277,1.162725,494,2s
2026-03-11T03:53:32.200Z,CS.D.EURUSD.MINI.IP,1.16268,1.16277,1.162725,824,2s
2026-03-11T03:53:32.265Z,CS.D.GBPUSD.MINI.IP,1.3447,1.34479,1.344745,921,2s
2026-03-11T03:53:32.620Z,CS.D.GBPUSD.MINI.IP,1.34469,1.34478,1.344735,660,2s
2026-03-11T03:53:32.625Z,CS.D.GBPUSD.MINI.IP,1.34469,1.34478,1.344735,600,2s
2026-03-11T03:54:26.041Z,CS.D.EURUSD.MINI.IP,1.16274,1.16283,1.162785,876,2s
2026-03-11T03:54:26.270Z,CS.D.EURUSD.MINI.IP,1.16274,1.16283,1.162785,603,2s
2026-03-11T03:54:26.283Z,CS.D.EURUSD.MINI.IP,1.16274,1.16283,1.162785,1004,2s
2026-03-11T03:54:26.374Z,CS.D.GBPUSD.MINI.IP,1.34485,1.34494,1.3448950000000002,195,2s
2026-03-11T03:54:26.608Z,CS.D.GBPUSD.MINI.IP,1.34485,1.34494,1.3448950000000002,1088,2s
2026-03-11T03:54:26.663Z,CS.D.GBPUSD.MINI.IP,1.34485,1.34494,1.3448950000000002,448,2s
2026-03-11T03:54:27.854Z,CS.D.EURUSD.MINI.IP,1.16275,1.16281,1.16278,1065,2s
2026-03-11T03:54:27.984Z,CS.D.EURUSD.MINI.IP,1.16275,1.16281,1.16278,582,2s
2026-03-11T03:54:28.203Z,CS.D.GBPUSD.MINI.IP,1.34484,1.34493,1.344885,317,2s
2026-03-11T03:54:28.338Z,CS.D.GBPUSD.MINI.IP,1.34484,1.34493,1.344885,124,2s
2026-03-11T03:54:28.957Z,CS.D.EURUSD.MINI.IP,1.16276,1.16282,1.16279,957,2s
2026-03-11T03:54:29.255Z,CS.D.EURUSD.MINI.IP,1.16276,1.16282,1.16279,935,2s
2026-03-11T03:54:29.293Z,CS.D.GBPUSD.MINI.IP,1.34484,1.34493,1.344885,119,2s
2026-03-11T03:54:29.368Z,CS.D.EURUSD.MINI.IP,1.16276,1.16282,1.16279,939,2s
2026-03-11T03:54:29.581Z,CS.D.GBPUSD.MINI.IP,1.34484,1.34493,1.344885,984,2s
2026-03-11T03:54:29.691Z,CS.D.GBPUSD.MINI.IP,1.34484,1.34493,1.344885,359,2s
2026-03-11T03:54:30.366Z,CS.D.EURUSD.MINI.IP,1.16277,1.16283,1.1628,281,2s
2026-03-11T03:54:30.725Z,CS.D.GBPUSD.MINI.IP,1.34483,1.34492,1.344875,713,2s
2026-03-11T03:54:31.471Z,CS.D.EURUSD.MINI.IP,1.16278,1.16284,1.16281,962,2s
2026-03-11T03:54:32.387Z,CS.D.GBPUSD.MINI.IP,1.34482,1.34491,1.344865,366,2s
2026-03-11T03:54:32.485Z,CS.D.EURUSD.MINI.IP,1.16278,1.16284,1.16281,831,2s
2026-03-11T03:54:32.513Z,CS.D.EURUSD.MINI.IP,1.16278,1.16284,1.16281,237,2s
2026-03-11T03:54:32.853Z,CS.D.GBPUSD.MINI.IP,1.34483,1.34492,1.344875,1020,2s
2026-03-11T03:54:32.855Z,CS.D.GBPUSD.MINI.IP,1.34483,1.34492,1.344875,658,2s
2026-03-11T03:54:33.024Z,CS.D.EURUSD.MINI.IP,1.16278,1.16284,1.16281,290,2s
2026-03-11T03:54:33.353Z,CS.D.GBPUSD.MINI.IP,1.34483,1.34492,1.344875,842,2s
2026-03-11T03:54:33.372Z,CS.D.EURUSD.MINI.IP,1.16278,1.16284,1.16281,734,2s
2026-03-11T03:54:33.700Z,CS.D.GBPUSD.MINI.IP,1.34483,1.34492,1.344875,940,2s
2026-03-11T03:54:33.993Z,CS.D.EURUSD.MINI.IP,1.16278,1.16284,1.16281,253,2s
2026-03-11T03:55:26.155Z,CS.D.EURUSD.MINI.IP,1.16278,1.16284,1.16281,361,2s
2026-03-11T03:55:26.395Z,CS.D.EURUSD.MINI.IP,1.16278,1.16284,1.16281,506,2s
2026-03-11T03:55:26.399Z,CS.D.EURUSD.MINI.IP,1.16278,1.16284,1.16281,668,2s
2026-03-11T03:55:26.498Z,CS.D.GBPUSD.MINI.IP,1.34482,1.34491,1.344865,253,2s
2026-03-11T03:55:26.730Z,CS.D.GBPUSD.MINI.IP,1.34482,1.34491,1.344865,915,2s
2026-03-11T03:55:26.741Z,CS.D.GBPUSD.MINI.IP,1.34482,1.34491,1.344865,668,2s
2026-03-11T03:55:27.601Z,CS.D.EURUSD.MINI.IP,1.16278,1.16284,1.16281,578,2s
2026-03-11T03:55:27.935Z,CS.D.GBPUSD.MINI.IP,1.34483,1.34492,1.344875,777,2s
2026-03-11T03:55:28.142Z,CS.D.EURUSD.MINI.IP,1.16278,1.16284,1.16281,653,2s
2026-03-11T03:55:28.495Z,CS.D.GBPUSD.MINI.IP,1.34483,1.34492,1.344875,1080,2s
2026-03-11T03:55:29.260Z,CS.D.EURUSD.MINI.IP,1.16277,1.16283,1.1628,1076,2s
2026-03-11T03:55:29.448Z,CS.D.EURUSD.MINI.IP,1.16277,1.16283,1.1628,659,2s
2026-03-11T03:55:29.465Z,CS.D.EURUSD.MINI.IP,1.16277,1.16283,1.1628,516,2s
2026-03-11T03:55:29.617Z,CS.D.GBPUSD.MINI.IP,1.34483,1.34492,1.344875,604,2s
2026-03-11T03:55:29.784Z,CS.D.GBPUSD.MINI.IP,1.34483,1.34492,1.344875,632,2s
2026-03-11T03:55:29.789Z,CS.D.GBPUSD.MINI.IP,1.34483,1.34492,1.344875,758,2s
2026-03-11T03:55:30.607Z,CS.D.EURUSD.MINI.IP,1.16275,1.16281,1.16278,537,2s
2026-03-11T03:55:30.979Z,CS.D.GBPUSD.MINI.IP,1.34483,1.34492,1.344875,601,2s
2026-03-11T03:55:31.098Z,CS.D.EURUSD.MINI.IP,1.16275,1.16281,1.16278,1019,2s
2026-03-11T03:55:31.420Z,CS.D.GBPUSD.MINI.IP,1.34484,1.34493,1.344885,516,2s
2026-03-11T03:55:32.098Z,CS.D.EURUSD.MINI.IP,1.16275,1.16281,1.16278,1044,2s
2026-03-11T03:55:32.406Z,CS.D.EURUSD.MINI.IP,1.16274,1.1628,1.16277,483,2s
2026-03-11T03:55:32.414Z,CS.D.EURUSD.MINI.IP,1.16274,1.1628,1.16277,838,2s
2026-03-11T03:55:32.435Z,CS.D.GBPUSD.MINI.IP,1.34484,1.34493,1.344885,570,2s
2026-03-11T03:55:32.761Z,CS.D.GBPUSD.MINI.IP,1.34483,1.34492,1.344875,690,2s
2026-03-11T03:55:32.766Z,CS.D.GBPUSD.MINI.IP,1.34483,1.34492,1.344875,430,2s
2026-03-11T03:55:33.600Z,CS.D.EURUSD.MINI.IP,1.16274,1.1628,1.16277,892,2s
2026-03-11T03:55:33.947Z,CS.D.GBPUSD.MINI.IP,1.34483,1.34492,1.344875,333,2s
2026-03-11T03:55:34.136Z,CS.D.EURUSD.MINI.IP,1.16274,1.1628,1.16277,298,2s
2026-03-11T03:56:26.239Z,CS.D.EURUSD.MINI.IP,1.16284,1.1629,1.16287,445,2s
2026-03-11T03:56:26.538Z,CS.D.EURUSD.MINI.IP,1.16284,1.1629,1.16287,984,2s
2026-03-11T03:56:26.555Z,CS.D.EURUSD.MINI.IP,1.16284,1.1629,1.16287,321,2s
2026-03-11T03:56:26.584Z,CS.D.GBPUSD.MINI.IP,1.34491,1.345,1.3449550000000001,670,2s
2026-03-11T03:56:26.892Z,CS.D.GBPUSD.MINI.IP,1.34491,1.345,1.3449550000000001,606,2s
2026-03-11T03:56:26.900Z,CS.D.GBPUSD.MINI.IP,1.34491,1.345,1.3449550000000001,666,2s
2026-03-11T03:56:27.709Z,CS.D.EURUSD.MINI.IP,1.16284,1.1629,1.16287,778,2s
2026-03-11T03:56:28.046Z,CS.D.GBPUSD.MINI.IP,1.3449,1.34499,1.344945,456,2s
2026-03-11T03:56:28.313Z,CS.D.EURUSD.MINI.IP,1.16284,1.1629,1.16287,704,2s
2026-03-11T03:56:28.660Z,CS.D.GBPUSD.MINI.IP,1.3449,1.34499,1.344945,1012,2s
2026-03-11T03:56:29.254Z,CS.D.EURUSD.MINI.IP,1.16284,1.1629,1.16287,619,2s
2026-03-11T03:56:29.573Z,CS.D.EURUSD.MINI.IP,1.16284,1.1629,1.16287,383,2s
2026-03-11T03:56:29.589Z,CS.D.GBPUSD.MINI.IP,1.3449,1.34499,1.344945,241,2s
2026-03-11T03:56:29.664Z,CS.D.EURUSD.MINI.IP,1.16284,1.1629,1.16287,225,2s
2026-03-11T03:56:29.912Z,CS.D.GBPUSD.MINI.IP,1.3449,1.34499,1.344945,350,2s
2026-03-11T03:56:29.980Z,CS.D.GBPUSD.MINI.IP,1.3449,1.34499,1.344945,785,2s
2026-03-11T03:56:30.725Z,CS.D.EURUSD.MINI.IP,1.16284,1.1629,1.16287,1036,2s
2026-03-11T03:56:31.096Z,CS.D.GBPUSD.MINI.IP,1.3449,1.34499,1.344945,237,2s
2026-03-11T03:56:31.315Z,CS.D.EURUSD.MINI.IP,1.16284,1.1629,1.16287,329,2s
2026-03-11T03:56:31.654Z,CS.D.GBPUSD.MINI.IP,1.34491,1.345,1.3449550000000001,789,2s
2026-03-11T03:56:32.366Z,CS.D.EURUSD.MINI.IP,1.16284,1.1629,1.16287,1012,2s
2026-03-11T03:56:32.639Z,CS.D.EURUSD.MINI.IP,1.16284,1.1629,1.16287,638,2s
2026-03-11T03:56:32.642Z,CS.D.EURUSD.MINI.IP,1.16284,1.1629,1.16287,266,2s
2026-03-11T03:56:32.697Z,CS.D.GBPUSD.MINI.IP,1.34491,1.345,1.3449550000000001,241,2s
2026-03-11T03:56:32.981Z,CS.D.GBPUSD.MINI.IP,1.34491,1.345,1.3449550000000001,449,2s
2026-03-11T03:56:32.991Z,CS.D.GBPUSD.MINI.IP,1.34491,1.345,1.3449550000000001,801,2s
2026-03-11T03:56:33.744Z,CS.D.EURUSD.MINI.IP,1.16284,1.1629,1.16287,538,2s
2026-03-11T03:56:34.101Z,CS.D.GBPUSD.MINI.IP,1.34491,1.345,1.3449550000000001,994,2s
2026-03-11T03:56:34.319Z,CS.D.EURUSD.MINI.IP,1.16284,1.1629,1.16287,428,2s
2026-03-11T03:57:26.380Z,CS.D.EURUSD.MINI.IP,1.1629,1.16296,1.16293,974,2s
2026-03-11T03:57:26.723Z,CS.D.GBPUSD.MINI.IP,1.34503,1.34512,1.345075,301,2s
2026-03-11T03:57:27.025Z,CS.D.EURUSD.MINI.IP,1.1629,1.16296,1.16293,536,2s
2026-03-11T03:57:27.037Z,CS.D.EURUSD.MINI.IP,1.1629,1.16296,1.16293,856,2s
2026-03-11T03:57:27.379Z,CS.D.GBPUSD.MINI.IP,1.34503,1.34512,1.345075,1031,2s
2026-03-11T03:57:27.400Z,CS.D.GBPUSD.MINI.IP,1.34503,1.34512,1.345075,400,2s
2026-03-11T03:57:27.838Z,CS.D.EURUSD.MINI.IP,1.1629,1.16296,1.16293,600,2s
2026-03-11T03:57:28.183Z,CS.D.GBPUSD.MINI.IP,1.34503,1.34512,1.345075,867,2s
2026-03-11T03:57:28.446Z,CS.D.EURUSD.MINI.IP,1.1629,1.16296,1.16293,286,2s
2026-03-11T03:57:28.810Z,CS.D.GBPUSD.MINI.IP,1.34503,1.34512,1.345075,270,2s
2026-03-11T03:57:29.372Z,CS.D.EURUSD.MINI.IP,1.1629,1.16296,1.16293,708,2s
2026-03-11T03:57:29.705Z,CS.D.EURUSD.MINI.IP,1.1629,1.16296,1.16293,566,2s
2026-03-11T03:57:29.708Z,CS.D.EURUSD.MINI.IP,1.1629,1.16296,1.16293,644,2s
2026-03-11T03:57:29.722Z,CS.D.GBPUSD.MINI.IP,1.34503,1.34512,1.345075,805,2s
2026-03-11T03:57:30.033Z,CS.D.GBPUSD.MINI.IP,1.34503,1.34512,1.345075,1088,2s
2026-03-11T03:57:30.041Z,CS.D.GBPUSD.MINI.IP,1.34503,1.34512,1.345075,629,2s
2026-03-11T03:57:30.843Z,CS.D.EURUSD.MINI.IP,1.1629,1.16296,1.16293,464,2s
2026-03-11T03:57:31.184Z,CS.D.GBPUSD.MINI.IP,1.34503,1.34512,1.345075,890,2s
2026-03-11T03:57:32.006Z,CS.D.EURUSD.MINI.IP,1.1629,1.16296,1.16293,682,2s
2026-03-11T03:57:32.357Z,CS.D.GBPUSD.MINI.IP,1.34503,1.34512,1.345075,633,2s
2026-03-11T03:57:32.393Z,CS.D.EURUSD.MINI.IP,1.1629,1.16296,1.16293,992,2s
2026-03-11T03:57:32.712Z,CS.D.EURUSD.MINI.IP,1.1629,1.16296,1.16293,389,2s
2026-03-11T03:57:32.715Z,CS.D.EURUSD.MINI.IP,1.1629,1.16296,1.16293,392,2s
2026-03-11T03:57:32.740Z,CS.D.GBPUSD.MINI.IP,1.34503,1.34512,1.345075,384,2s
2026-03-11T03:57:33.046Z,CS.D.GBPUSD.MINI.IP,1.34503,1.34512,1.345075,253,2s
2026-03-11T03:57:33.061Z,CS.D.GBPUSD.MINI.IP,1.34503,1.34512,1.345075,584,2s
2026-03-11T03:58:26.510Z,CS.D.EURUSD.MINI.IP,1.16303,1.16309,1.16306,623,2s
2026-03-11T03:58:26.832Z,CS.D.EURUSD.MINI.IP,1.16303,1.16309,1.16306,534,2s
2026-03-11T03:58:26.851Z,CS.D.GBPUSD.MINI.IP,1.34519,1.34528,1.3452350000000002,835,2s
2026-03-11T03:58:26.857Z,CS.D.EURUSD.MINI.IP,1.16303,1.16309,1.16306,817,2s
2026-03-11T03:58:27.231Z,CS.D.GBPUSD.MINI.IP,1.34519,1.34528,1.3452350000000002,676,2s
2026-03-11T03:58:27.235Z,CS.D.GBPUSD.MINI.IP,1.34519,1.34528,1.3452350000000002,826,2s
2026-03-11T03:58:27.960Z,CS.D.EURUSD.MINI.IP,1.16303,1.16309,1.16306,146,2s
2026-03-11T03:58:28.313Z,CS.D.GBPUSD.MINI.IP,1.34519,1.34528,1.3452350000000002,351,2s
2026-03-11T03:58:28.544Z,CS.D.EURUSD.MINI.IP,1.16303,1.16309,1.16306,412,2s
2026-03-11T03:58:28.965Z,CS.D.GBPUSD.MINI.IP,1.34519,1.34528,1.3452350000000002,541,2s
2026-03-11T03:58:29.538Z,CS.D.EURUSD.MINI.IP,1.16302,1.16308,1.16305,907,2s
2026-03-11T03:58:29.865Z,CS.D.EURUSD.MINI.IP,1.16302,1.16308,1.16305,947,2s
2026-03-11T03:58:29.886Z,CS.D.GBPUSD.MINI.IP,1.34519,1.34528,1.3452350000000002,817,2s
2026-03-11T03:58:29.939Z,CS.D.EURUSD.MINI.IP,1.163,1.16306,1.16303,392,2s
2026-03-11T03:58:30.208Z,CS.D.GBPUSD.MINI.IP,1.34519,1.34528,1.3452350000000002,343,2s
2026-03-11T03:58:30.274Z,CS.D.GBPUSD.MINI.IP,1.34519,1.34528,1.3452350000000002,879,2s
2026-03-11T03:58:30.959Z,CS.D.EURUSD.MINI.IP,1.163,1.16306,1.16303,284,2s
2026-03-11T03:58:31.322Z,CS.D.GBPUSD.MINI.IP,1.34519,1.34528,1.3452350000000002,480,2s
2026-03-11T03:58:31.553Z,CS.D.EURUSD.MINI.IP,1.163,1.16306,1.16303,670,2s
2026-03-11T03:58:31.880Z,CS.D.GBPUSD.MINI.IP,1.34519,1.34528,1.3452350000000002,326,2s
2026-03-11T03:58:32.495Z,CS.D.EURUSD.MINI.IP,1.16305,1.16311,1.16308,343,2s
2026-03-11T03:58:32.817Z,CS.D.EURUSD.MINI.IP,1.16305,1.16311,1.16308,355,2s
2026-03-11T03:58:32.849Z,CS.D.EURUSD.MINI.IP,1.16305,1.16311,1.16308,451,2s
2026-03-11T03:58:32.859Z,CS.D.GBPUSD.MINI.IP,1.34523,1.34532,1.345275,375,2s
2026-03-11T03:58:33.152Z,CS.D.GBPUSD.MINI.IP,1.34524,1.34533,1.345285,408,2s
2026-03-11T03:58:33.187Z,CS.D.GBPUSD.MINI.IP,1.34524,1.34533,1.345285,795,2s
2026-03-11T03:58:33.984Z,CS.D.EURUSD.MINI.IP,1.16305,1.16311,1.16308,740,2s
2026-03-11T03:58:34.340Z,CS.D.GBPUSD.MINI.IP,1.34526,1.34535,1.345305,663,2s
2026-03-11T03:58:34.554Z,CS.D.EURUSD.MINI.IP,1.16305,1.16311,1.16308,519,2s
2026-03-11T03:59:26.678Z,CS.D.EURUSD.MINI.IP,1.16302,1.16308,1.16305,1041,2s
2026-03-11T03:59:26.956Z,CS.D.EURUSD.MINI.IP,1.16302,1.16308,1.16305,996,2s
2026-03-11T03:59:26.963Z,CS.D.EURUSD.MINI.IP,1.16302,1.16308,1.16305,639,2s
2026-03-11T03:59:27.029Z,CS.D.GBPUSD.MINI.IP,1.34519,1.34528,1.3452350000000002,1003,2s
2026-03-11T03:59:27.294Z,CS.D.GBPUSD.MINI.IP,1.34519,1.34528,1.3452350000000002,1029,2s
2026-03-11T03:59:27.296Z,CS.D.GBPUSD.MINI.IP,1.34519,1.34528,1.3452350000000002,189,2s
2026-03-11T03:59:28.107Z,CS.D.EURUSD.MINI.IP,1.16302,1.16308,1.16305,564,2s
2026-03-11T03:59:28.441Z,CS.D.GBPUSD.MINI.IP,1.34519,1.34528,1.3452350000000002,931,2s
2026-03-11T03:59:28.692Z,CS.D.EURUSD.MINI.IP,1.16302,1.16308,1.16305,432,2s
2026-03-11T03:59:29.076Z,CS.D.GBPUSD.MINI.IP,1.34519,1.34528,1.3452350000000002,609,2s
2026-03-11T03:59:29.662Z,CS.D.EURUSD.MINI.IP,1.16302,1.16308,1.16305,317,2s
2026-03-11T03:59:29.975Z,CS.D.EURUSD.MINI.IP,1.16302,1.16308,1.16305,963,2s
2026-03-11T03:59:30.006Z,CS.D.GBPUSD.MINI.IP,1.34519,1.34528,1.3452350000000002,518,2s
2026-03-11T03:59:30.088Z,CS.D.EURUSD.MINI.IP,1.16302,1.16308,1.16305,811,2s
2026-03-11T03:59:30.332Z,CS.D.GBPUSD.MINI.IP,1.34519,1.34528,1.3452350000000002,694,2s
2026-03-11T03:59:30.416Z,CS.D.GBPUSD.MINI.IP,1.34519,1.34528,1.3452350000000002,299,2s
2026-03-11T03:59:31.127Z,CS.D.EURUSD.MINI.IP,1.16302,1.16308,1.16305,439,2s
2026-03-11T03:59:31.476Z,CS.D.GBPUSD.MINI.IP,1.34519,1.34528,1.3452350000000002,348,2s
2026-03-11T03:59:31.716Z,CS.D.EURUSD.MINI.IP,1.16301,1.16307,1.16304,668,2s
2026-03-11T03:59:32.122Z,CS.D.GBPUSD.MINI.IP,1.3452,1.34529,1.345245,525,2s
2026-03-11T03:59:32.676Z,CS.D.EURUSD.MINI.IP,1.16305,1.16311,1.16308,334,2s
2026-03-11T03:59:32.957Z,CS.D.EURUSD.MINI.IP,1.16305,1.16311,1.16308,919,2s
2026-03-11T03:59:32.999Z,CS.D.GBPUSD.MINI.IP,1.3452,1.34529,1.345245,1025,2s
2026-03-11T03:59:33.012Z,CS.D.EURUSD.MINI.IP,1.16305,1.16311,1.16308,503,2s
2026-03-11T03:59:33.285Z,CS.D.GBPUSD.MINI.IP,1.3452,1.34529,1.345245,513,2s
2026-03-11T03:59:33.382Z,CS.D.GBPUSD.MINI.IP,1.3452,1.34529,1.345245,776,2s
2026-03-11T03:59:34.145Z,CS.D.EURUSD.MINI.IP,1.16305,1.16311,1.16308,261,2s
2026-03-11T03:59:34.489Z,CS.D.GBPUSD.MINI.IP,1.34521,1.3453,1.3452549999999999,576,2s
2026-03-11T03:59:34.695Z,CS.D.EURUSD.MINI.IP,1.16305,1.16311,1.16308,427,2s
2026-03-11T04:00:26.787Z,CS.D.EURUSD.MINI.IP,1.16294,1.163,1.16297,1036,2s
2026-03-11T04:00:27.069Z,CS.D.EURUSD.MINI.IP,1.16294,1.163,1.16297,349,2s
2026-03-11T04:00:27.125Z,CS.D.EURUSD.MINI.IP,1.16294,1.163,1.16297,1057,2s
2026-03-11T04:00:27.130Z,CS.D.GBPUSD.MINI.IP,1.34511,1.3452,1.345155,148,2s
2026-03-11T04:00:27.400Z,CS.D.GBPUSD.MINI.IP,1.34511,1.3452,1.345155,822,2s
2026-03-11T04:00:27.454Z,CS.D.GBPUSD.MINI.IP,1.34511,1.3452,1.345155,341,2s
2026-03-11T04:00:28.270Z,CS.D.EURUSD.MINI.IP,1.16294,1.163,1.16297,204,2s
2026-03-11T04:00:28.612Z,CS.D.GBPUSD.MINI.IP,1.34511,1.3452,1.345155,387,2s
2026-03-11T04:00:28.839Z,CS.D.EURUSD.MINI.IP,1.16294,1.163,1.16297,1046,2s
2026-03-11T04:00:29.184Z,CS.D.GBPUSD.MINI.IP,1.34511,1.3452,1.345155,288,2s
2026-03-11T04:00:29.774Z,CS.D.EURUSD.MINI.IP,1.16294,1.163,1.16297,231,2s
2026-03-11T04:00:30.085Z,CS.D.GBPUSD.MINI.IP,1.34511,1.3452,1.345155,214,2s
2026-03-11T04:00:30.111Z,CS.D.EURUSD.MINI.IP,1.16294,1.163,1.16297,385,2s
2026-03-11T04:00:30.174Z,CS.D.EURUSD.MINI.IP,1.16294,1.163,1.16297,113,2s
2026-03-11T04:00:30.430Z,CS.D.GBPUSD.MINI.IP,1.34511,1.3452,1.345155,553,2s
2026-03-11T04:00:30.504Z,CS.D.GBPUSD.MINI.IP,1.34511,1.3452,1.345155,1051,2s
2026-03-11T04:00:31.282Z,CS.D.EURUSD.MINI.IP,1.16294,1.163,1.16297,116,2s
2026-03-11T04:00:31.602Z,CS.D.GBPUSD.MINI.IP,1.34511,1.3452,1.345155,398,2s
2026-03-11T04:00:31.833Z,CS.D.EURUSD.MINI.IP,1.16294,1.163,1.16297,649,2s
2026-03-11T04:00:32.178Z,CS.D.GBPUSD.MINI.IP,1.34511,1.3452,1.345155,591,2s
2026-03-11T04:00:32.787Z,CS.D.EURUSD.MINI.IP,1.16294,1.163,1.16297,112,2s
2026-03-11T04:00:33.075Z,CS.D.EURUSD.MINI.IP,1.16294,1.163,1.16297,592,2s
2026-03-11T04:00:33.128Z,CS.D.GBPUSD.MINI.IP,1.34511,1.3452,1.345155,417,2s
2026-03-11T04:00:33.154Z,CS.D.EURUSD.MINI.IP,1.16294,1.163,1.16297,1031,2s
2026-03-11T04:00:33.405Z,CS.D.GBPUSD.MINI.IP,1.34508,1.34517,1.345125,358,2s
2026-03-11T04:00:33.497Z,CS.D.GBPUSD.MINI.IP,1.34508,1.34517,1.345125,349,2s
2026-03-11T04:00:34.297Z,CS.D.EURUSD.MINI.IP,1.16292,1.16298,1.16295,250,2s
2026-03-11T04:00:34.648Z,CS.D.GBPUSD.MINI.IP,1.34509,1.34518,1.345135,509,2s
2026-03-11T04:00:34.846Z,CS.D.EURUSD.MINI.IP,1.16292,1.16298,1.16295,755,2s
2026-03-11T04:01:26.794Z,CS.D.GBPUSD.MINI.IP,1.34503,1.34512,1.345075,694,2s
2026-03-11T04:01:26.923Z,CS.D.EURUSD.MINI.IP,1.16284,1.1629,1.16287,425,2s
2026-03-11T04:01:27.553Z,CS.D.EURUSD.MINI.IP,1.16284,1.1629,1.16287,761,2s
2026-03-11T04:01:27.589Z,CS.D.EURUSD.MINI.IP,1.16284,1.1629,1.16287,920,2s
2026-03-11T04:01:27.874Z,CS.D.GBPUSD.MINI.IP,1.34503,1.34512,1.345075,837,2s
2026-03-11T04:01:27.905Z,CS.D.GBPUSD.MINI.IP,1.34503,1.34512,1.345075,910,2s
2026-03-11T04:01:28.016Z,CS.D.GBPUSD.MINI.IP,1.34503,1.34512,1.345075,529,2s
2026-03-11T04:01:28.442Z,CS.D.EURUSD.MINI.IP,1.16284,1.1629,1.16287,514,2s
2026-03-11T04:01:28.772Z,CS.D.GBPUSD.MINI.IP,1.34503,1.34512,1.345075,620,2s
2026-03-11T04:01:28.970Z,CS.D.EURUSD.MINI.IP,1.16284,1.1629,1.16287,532,2s
2026-03-11T04:01:29.418Z,CS.D.GBPUSD.MINI.IP,1.34503,1.34512,1.345075,522,2s
2026-03-11T04:01:30.099Z,CS.D.EURUSD.MINI.IP,1.16284,1.1629,1.16287,216,2s
2026-03-11T04:01:30.270Z,CS.D.EURUSD.MINI.IP,1.16284,1.1629,1.16287,136,2s
2026-03-11T04:01:30.275Z,CS.D.EURUSD.MINI.IP,1.16284,1.1629,1.16287,1003,2s
2026-03-11T04:01:30.428Z,CS.D.GBPUSD.MINI.IP,1.34503,1.34512,1.345075,464,2s
2026-03-11T04:01:30.595Z,CS.D.GBPUSD.MINI.IP,1.34503,1.34512,1.345075,1064,2s
2026-03-11T04:01:30.598Z,CS.D.GBPUSD.MINI.IP,1.34503,1.34512,1.345075,703,2s
2026-03-11T04:01:31.413Z,CS.D.EURUSD.MINI.IP,1.16284,1.1629,1.16287,368,2s
2026-03-11T04:01:31.752Z,CS.D.GBPUSD.MINI.IP,1.34503,1.34512,1.345075,903,2s
2026-03-11T04:01:32.037Z,CS.D.EURUSD.MINI.IP,1.16284,1.1629,1.16287,563,2s
2026-03-11T04:01:32.418Z,CS.D.GBPUSD.MINI.IP,1.34501,1.3451,1.345055,783,2s
2026-03-11T04:01:32.940Z,CS.D.EURUSD.MINI.IP,1.16286,1.16292,1.16289,320,2s
2026-03-11T04:01:33.235Z,CS.D.EURUSD.MINI.IP,1.16286,1.16292,1.16289,190,2s
2026-03-11T04:01:33.269Z,CS.D.EURUSD.MINI.IP,1.16286,1.16292,1.16289,924,2s
2026-03-11T04:02:27.066Z,CS.D.EURUSD.MINI.IP,1.16282,1.16288,1.16285,515,2s
2026-03-11T04:02:27.322Z,CS.D.EURUSD.MINI.IP,1.16282,1.16288,1.16285,723,2s
2026-03-11T04:02:27.385Z,CS.D.EURUSD.MINI.IP,1.16282,1.16288,1.16285,144,2s
2026-03-11T04:02:27.399Z,CS.D.GBPUSD.MINI.IP,1.34499,1.34508,1.345035,706,2s
2026-03-11T04:02:27.680Z,CS.D.GBPUSD.MINI.IP,1.34497,1.34506,1.345015,659,2s
2026-03-11T04:02:27.697Z,CS.D.GBPUSD.MINI.IP,1.34497,1.34506,1.345015,541,2s
2026-03-11T04:02:28.611Z,CS.D.EURUSD.MINI.IP,1.1628,1.16286,1.16283,976,2s
2026-03-11T04:02:28.942Z,CS.D.GBPUSD.MINI.IP,1.345,1.34509,1.3450449999999998,698,2s
2026-03-11T04:02:29.089Z,CS.D.EURUSD.MINI.IP,1.16281,1.16287,1.16284,1057,2s
2026-03-11T04:02:29.416Z,CS.D.GBPUSD.MINI.IP,1.34498,1.34507,1.3450250000000001,483,2s
2026-03-11T04:02:30.071Z,CS.D.EURUSD.MINI.IP,1.16281,1.16287,1.16284,710,2s
2026-03-11T04:02:30.333Z,CS.D.EURUSD.MINI.IP,1.16281,1.16287,1.16284,976,2s
2026-03-11T04:02:30.412Z,CS.D.EURUSD.MINI.IP,1.16281,1.16287,1.16284,915,2s
2026-03-11T04:02:30.416Z,CS.D.GBPUSD.MINI.IP,1.34499,1.34508,1.345035,102,2s
2026-03-11T04:02:30.673Z,CS.D.GBPUSD.MINI.IP,1.34499,1.34508,1.345035,844,2s
2026-03-11T04:02:30.757Z,CS.D.GBPUSD.MINI.IP,1.34499,1.34508,1.345035,104,2s
2026-03-11T04:02:31.649Z,CS.D.EURUSD.MINI.IP,1.1628,1.16286,1.16283,900,2s
2026-03-11T04:02:31.993Z,CS.D.GBPUSD.MINI.IP,1.34495,1.34504,1.344995,775,2s
2026-03-11T04:02:32.094Z,CS.D.EURUSD.MINI.IP,1.1628,1.16286,1.16283,177,2s
2026-03-11T04:02:32.447Z,CS.D.GBPUSD.MINI.IP,1.34495,1.34504,1.344995,529,2s
2026-03-11T04:02:33.077Z,CS.D.EURUSD.MINI.IP,1.16278,1.16284,1.16281,731,2s
2026-03-11T04:02:33.421Z,CS.D.EURUSD.MINI.IP,1.16278,1.16284,1.16281,561,2s
2026-03-11T04:02:33.466Z,CS.D.EURUSD.MINI.IP,1.16278,1.16284,1.16281,476,2s
2026-03-11T04:02:33.484Z,CS.D.GBPUSD.MINI.IP,1.34494,1.34503,1.3449849999999999,131,2s
2026-03-11T04:02:33.761Z,CS.D.GBPUSD.MINI.IP,1.34494,1.34503,1.3449849999999999,790,2s
2026-03-11T04:02:33.800Z,CS.D.GBPUSD.MINI.IP,1.34494,1.34503,1.3449849999999999,572,2s
2026-03-11T04:02:34.624Z,CS.D.EURUSD.MINI.IP,1.16278,1.16284,1.16281,308,2s
2026-03-11T04:02:34.981Z,CS.D.GBPUSD.MINI.IP,1.34493,1.34502,1.344975,533,2s
2026-03-11T04:02:35.097Z,CS.D.EURUSD.MINI.IP,1.16278,1.16284,1.16281,654,2s
2026-03-11T04:03:27.287Z,CS.D.EURUSD.MINI.IP,1.16276,1.16282,1.16279,673,2s
2026-03-11T04:03:27.494Z,CS.D.EURUSD.MINI.IP,1.16276,1.16282,1.16279,846,2s
2026-03-11T04:03:27.526Z,CS.D.EURUSD.MINI.IP,1.16276,1.16282,1.16279,878,2s
2026-03-11T04:03:27.625Z,CS.D.GBPUSD.MINI.IP,1.3449,1.34499,1.344945,1013,2s
2026-03-11T04:03:27.832Z,CS.D.GBPUSD.MINI.IP,1.3449,1.34499,1.344945,864,2s
2026-03-11T04:03:27.857Z,CS.D.GBPUSD.MINI.IP,1.3449,1.34499,1.344945,103,2s
2026-03-11T04:03:28.765Z,CS.D.EURUSD.MINI.IP,1.16276,1.16282,1.16279,213,2s
2026-03-11T04:03:29.107Z,CS.D.GBPUSD.MINI.IP,1.3449,1.34499,1.344945,523,2s
2026-03-11T04:03:29.257Z,CS.D.EURUSD.MINI.IP,1.16276,1.16282,1.16279,1067,2s
2026-03-11T04:03:29.601Z,CS.D.GBPUSD.MINI.IP,1.3449,1.34499,1.344945,569,2s
2026-03-11T04:03:30.460Z,CS.D.EURUSD.MINI.IP,1.16276,1.16282,1.16279,1076,2s
2026-03-11T04:03:30.570Z,CS.D.EURUSD.MINI.IP,1.16276,1.16282,1.16279,889,2s
2026-03-11T04:03:30.714Z,CS.D.EURUSD.MINI.IP,1.16276,1.16282,1.16279,588,2s
2026-03-11T04:03:30.789Z,CS.D.GBPUSD.MINI.IP,1.3449,1.34499,1.344945,906,2s
2026-03-11T04:03:30.893Z,CS.D.GBPUSD.MINI.IP,1.3449,1.34499,1.344945,354,2s
2026-03-11T04:03:31.055Z,CS.D.GBPUSD.MINI.IP,1.3449,1.34499,1.344945,830,2s
2026-03-11T04:03:31.776Z,CS.D.EURUSD.MINI.IP,1.16276,1.16282,1.16279,606,2s
2026-03-11T04:03:32.121Z,CS.D.GBPUSD.MINI.IP,1.3449,1.34499,1.344945,118,2s
2026-03-11T04:03:32.249Z,CS.D.EURUSD.MINI.IP,1.16274,1.16283,1.162785,629,2s
2026-03-11T04:03:32.577Z,CS.D.GBPUSD.MINI.IP,1.3449,1.34499,1.344945,791,2s
2026-03-11T04:03:33.216Z,CS.D.EURUSD.MINI.IP,1.16274,1.16283,1.162785,782,2s
2026-03-11T04:03:33.463Z,CS.D.EURUSD.MINI.IP,1.16274,1.16283,1.162785,787,2s
2026-03-11T04:03:33.545Z,CS.D.EURUSD.MINI.IP,1.16274,1.16283,1.162785,187,2s
2026-03-11T04:03:33.549Z,CS.D.GBPUSD.MINI.IP,1.3449,1.34499,1.344945,831,2s
2026-03-11T04:03:33.776Z,CS.D.GBPUSD.MINI.IP,1.3449,1.34499,1.344945,673,2s
2026-03-11T04:03:33.881Z,CS.D.GBPUSD.MINI.IP,1.3449,1.34499,1.344945,957,2s
2026-03-11T04:03:34.736Z,CS.D.EURUSD.MINI.IP,1.16274,1.16283,1.162785,983,2s
2026-03-11T04:03:35.052Z,CS.D.GBPUSD.MINI.IP,1.3449,1.34499,1.344945,436,2s
2026-03-11T04:03:35.254Z,CS.D.EURUSD.MINI.IP,1.16273,1.16282,1.162775,672,2s
2026-03-11T04:04:27.323Z,CS.D.EURUSD.MINI.IP,1.16283,1.16292,1.162875,149,2s
2026-03-11T04:04:27.597Z,CS.D.EURUSD.MINI.IP,1.16283,1.16292,1.162875,1084,2s
2026-03-11T04:04:27.642Z,CS.D.EURUSD.MINI.IP,1.16283,1.16292,1.162875,496,2s
2026-03-11T04:04:27.677Z,CS.D.GBPUSD.MINI.IP,1.34495,1.34504,1.344995,262,2s
2026-03-11T04:04:27.948Z,CS.D.GBPUSD.MINI.IP,1.34495,1.34504,1.344995,718,2s
2026-03-11T04:04:27.973Z,CS.D.GBPUSD.MINI.IP,1.34495,1.34504,1.344995,684,2s
2026-03-11T04:04:28.913Z,CS.D.EURUSD.MINI.IP,1.16283,1.16292,1.162875,563,2s
2026-03-11T04:04:29.259Z,CS.D.GBPUSD.MINI.IP,1.34495,1.34504,1.344995,740,2s
2026-03-11T04:04:29.434Z,CS.D.EURUSD.MINI.IP,1.16283,1.16292,1.162875,809,2s
2026-03-11T04:04:29.783Z,CS.D.GBPUSD.MINI.IP,1.34495,1.34504,1.344995,891,2s
2026-03-11T04:04:30.297Z,CS.D.EURUSD.MINI.IP,1.16283,1.16292,1.162875,139,2s
2026-03-11T04:04:30.603Z,CS.D.EURUSD.MINI.IP,1.16283,1.16292,1.162875,190,2s
2026-03-11T04:04:30.618Z,CS.D.EURUSD.MINI.IP,1.16283,1.16292,1.162875,664,2s
2026-03-11T04:04:30.640Z,CS.D.GBPUSD.MINI.IP,1.34495,1.34504,1.344995,216,2s
2026-03-11T04:04:31.030Z,CS.D.GBPUSD.MINI.IP,1.34495,1.34504,1.344995,598,2s
2026-03-11T04:04:31.054Z,CS.D.GBPUSD.MINI.IP,1.34495,1.34504,1.344995,510,2s
2026-03-11T04:04:31.936Z,CS.D.EURUSD.MINI.IP,1.16283,1.16292,1.162875,770,2s
2026-03-11T04:04:32.262Z,CS.D.GBPUSD.MINI.IP,1.34495,1.34504,1.344995,795,2s
2026-03-11T04:04:32.452Z,CS.D.EURUSD.MINI.IP,1.16283,1.16292,1.162875,747,2s
2026-03-11T04:04:32.821Z,CS.D.GBPUSD.MINI.IP,1.34495,1.34504,1.344995,424,2s
2026-03-11T04:04:33.301Z,CS.D.EURUSD.MINI.IP,1.16283,1.16292,1.162875,544,2s
2026-03-11T04:04:33.578Z,CS.D.EURUSD.MINI.IP,1.16283,1.16292,1.162875,387,2s
2026-03-11T04:04:33.642Z,CS.D.GBPUSD.MINI.IP,1.34495,1.34504,1.344995,921,2s
2026-03-11T04:04:33.667Z,CS.D.EURUSD.MINI.IP,1.16283,1.16292,1.162875,581,2s
2026-03-11T04:04:33.926Z,CS.D.GBPUSD.MINI.IP,1.34495,1.34504,1.344995,423,2s
2026-03-11T04:04:34.008Z,CS.D.GBPUSD.MINI.IP,1.34495,1.34504,1.344995,470,2s
2026-03-11T04:04:34.932Z,CS.D.EURUSD.MINI.IP,1.16283,1.16292,1.162875,818,2s
2026-03-11T04:04:35.288Z,CS.D.GBPUSD.MINI.IP,1.34495,1.34504,1.344995,437,2s
2026-03-11T04:04:35.437Z,CS.D.EURUSD.MINI.IP,1.16283,1.16292,1.162875,367,2s
2026-03-11T04:05:27.416Z,CS.D.EURUSD.MINI.IP,1.16289,1.16298,1.162935,157,2s
2026-03-11T04:05:27.764Z,CS.D.GBPUSD.MINI.IP,1.34502,1.34511,1.345065,865,2s
2026-03-11T04:05:28.091Z,CS.D.EURUSD.MINI.IP,1.16289,1.16298,1.162935,802,2s
2026-03-11T04:05:28.117Z,CS.D.EURUSD.MINI.IP,1.16289,1.16298,1.162935,748,2s
2026-03-11T04:05:28.416Z,CS.D.GBPUSD.MINI.IP,1.34502,1.34511,1.345065,994,2s
2026-03-11T04:05:28.502Z,CS.D.GBPUSD.MINI.IP,1.34502,1.34511,1.345065,166,2s
2026-03-11T04:05:29.085Z,CS.D.EURUSD.MINI.IP,1.16289,1.16298,1.162935,1074,2s
2026-03-11T04:05:29.426Z,CS.D.GBPUSD.MINI.IP,1.34502,1.34511,1.345065,728,2s
2026-03-11T04:05:29.570Z,CS.D.EURUSD.MINI.IP,1.16289,1.16298,1.162935,316,2s
2026-03-11T04:05:29.907Z,CS.D.GBPUSD.MINI.IP,1.34502,1.34511,1.345065,175,2s
2026-03-11T04:05:30.495Z,CS.D.EURUSD.MINI.IP,1.16289,1.16298,1.162935,720,2s
2026-03-11T04:05:30.666Z,CS.D.EURUSD.MINI.IP,1.16289,1.16298,1.162935,813,2s
2026-03-11T04:05:30.832Z,CS.D.EURUSD.MINI.IP,1.16289,1.16298,1.162935,754,2s
2026-03-11T04:05:30.847Z,CS.D.GBPUSD.MINI.IP,1.34501,1.3451,1.345055,262,2s
2026-03-11T04:05:31.004Z,CS.D.GBPUSD.MINI.IP,1.34501,1.3451,1.345055,106,2s
2026-03-11T04:05:31.158Z,CS.D.GBPUSD.MINI.IP,1.34501,1.3451,1.345055,577,2s
2026-03-11T04:05:32.077Z,CS.D.EURUSD.MINI.IP,1.16289,1.16298,1.162935,825,2s
2026-03-11T04:05:32.415Z,CS.D.GBPUSD.MINI.IP,1.34501,1.3451,1.345055,154,2s
2026-03-11T04:05:32.558Z,CS.D.EURUSD.MINI.IP,1.16289,1.16298,1.162935,999,2s
2026-03-11T04:05:32.932Z,CS.D.GBPUSD.MINI.IP,1.34501,1.3451,1.345055,765,2s
2026-03-11T04:05:33.505Z,CS.D.EURUSD.MINI.IP,1.16289,1.16298,1.162935,744,2s
2026-03-11T04:05:33.709Z,CS.D.EURUSD.MINI.IP,1.16289,1.16298,1.162935,199,2s
2026-03-11T04:05:33.896Z,CS.D.EURUSD.MINI.IP,1.16289,1.16298,1.162935,245,2s
2026-03-11T04:05:33.986Z,CS.D.GBPUSD.MINI.IP,1.34501,1.3451,1.345055,859,2s
2026-03-11T04:05:34.061Z,CS.D.GBPUSD.MINI.IP,1.34501,1.3451,1.345055,1097,2s
2026-03-11T04:05:34.320Z,CS.D.GBPUSD.MINI.IP,1.34501,1.3451,1.345055,268,2s
2026-03-11T04:06:27.546Z,CS.D.EURUSD.MINI.IP,1.16282,1.16291,1.162865,687,2s
2026-03-11T04:06:27.781Z,CS.D.EURUSD.MINI.IP,1.16282,1.16291,1.162865,800,2s
2026-03-11T04:06:27.860Z,CS.D.EURUSD.MINI.IP,1.16282,1.16291,1.162865,416,2s
2026-03-11T04:06:27.885Z,CS.D.GBPUSD.MINI.IP,1.34485,1.34494,1.3448950000000002,705,2s
2026-03-11T04:06:28.118Z,CS.D.GBPUSD.MINI.IP,1.34485,1.34494,1.3448950000000002,275,2s
2026-03-11T04:06:28.179Z,CS.D.GBPUSD.MINI.IP,1.34485,1.34494,1.3448950000000002,1044,2s
2026-03-11T04:06:29.195Z,CS.D.EURUSD.MINI.IP,1.16282,1.16291,1.162865,1048,2s
2026-03-11T04:06:29.519Z,CS.D.GBPUSD.MINI.IP,1.34485,1.34494,1.3448950000000002,494,2s
2026-03-11T04:06:29.672Z,CS.D.EURUSD.MINI.IP,1.16282,1.16291,1.162865,506,2s
2026-03-11T04:06:30.019Z,CS.D.GBPUSD.MINI.IP,1.34485,1.34494,1.3448950000000002,146,2s
2026-03-11T04:06:30.555Z,CS.D.EURUSD.MINI.IP,1.16282,1.16291,1.162865,839,2s
2026-03-11T04:06:30.794Z,CS.D.EURUSD.MINI.IP,1.16282,1.16291,1.162865,955,2s
2026-03-11T04:06:30.862Z,CS.D.EURUSD.MINI.IP,1.16282,1.16291,1.162865,812,2s
2026-03-11T04:06:30.881Z,CS.D.GBPUSD.MINI.IP,1.34484,1.34493,1.344885,547,2s
2026-03-11T04:06:31.124Z,CS.D.GBPUSD.MINI.IP,1.34484,1.34493,1.344885,122,2s
2026-03-11T04:06:31.202Z,CS.D.GBPUSD.MINI.IP,1.34484,1.34493,1.344885,939,2s
2026-03-11T04:06:32.209Z,CS.D.EURUSD.MINI.IP,1.16283,1.16292,1.162875,1015,2s
2026-03-11T04:06:32.586Z,CS.D.GBPUSD.MINI.IP,1.34485,1.34494,1.3448950000000002,605,2s
2026-03-11T04:06:32.671Z,CS.D.EURUSD.MINI.IP,1.16283,1.16292,1.162875,278,2s
2026-03-11T04:06:32.983Z,CS.D.GBPUSD.MINI.IP,1.34486,1.34495,1.344905,763,2s
2026-03-11T04:06:33.547Z,CS.D.EURUSD.MINI.IP,1.16283,1.16292,1.162875,471,2s
2026-03-11T04:06:33.774Z,CS.D.EURUSD.MINI.IP,1.16283,1.16292,1.162875,814,2s
2026-03-11T04:06:33.886Z,CS.D.EURUSD.MINI.IP,1.16283,1.16292,1.162875,715,2s
2026-03-11T04:06:33.891Z,CS.D.GBPUSD.MINI.IP,1.34487,1.34496,1.3449149999999999,375,2s
2026-03-11T04:06:34.125Z,CS.D.GBPUSD.MINI.IP,1.34487,1.34496,1.3449149999999999,148,2s
2026-03-11T04:06:34.214Z,CS.D.GBPUSD.MINI.IP,1.34487,1.34496,1.3449149999999999,933,2s
2026-03-11T04:06:35.181Z,CS.D.EURUSD.MINI.IP,1.16284,1.16293,1.1628850000000002,978,2s
2026-03-11T04:06:35.560Z,CS.D.GBPUSD.MINI.IP,1.34487,1.34496,1.3449149999999999,955,2s
2026-03-11T04:06:35.692Z,CS.D.EURUSD.MINI.IP,1.16284,1.16293,1.1628850000000002,355,2s
2026-03-11T04:07:27.752Z,CS.D.GBPUSD.MINI.IP,1.34495,1.34504,1.344995,439,2s
2026-03-11T04:07:27.768Z,CS.D.EURUSD.MINI.IP,1.16288,1.16297,1.162925,1020,2s
2026-03-11T04:07:27.997Z,CS.D.EURUSD.MINI.IP,1.16288,1.16297,1.162925,597,2s
2026-03-11T04:07:28.038Z,CS.D.GBPUSD.MINI.IP,1.34495,1.34504,1.344995,912,2s
2026-03-11T04:07:28.050Z,CS.D.EURUSD.MINI.IP,1.16288,1.16297,1.162925,361,2s
2026-03-11T04:07:28.085Z,CS.D.EURUSD.MINI.IP,1.16288,1.16297,1.162925,646,2s
2026-03-11T04:07:28.126Z,CS.D.GBPUSD.MINI.IP,1.34495,1.34504,1.344995,677,2s
2026-03-11T04:07:28.328Z,CS.D.GBPUSD.MINI.IP,1.34495,1.34504,1.344995,578,2s
2026-03-11T04:07:28.367Z,CS.D.GBPUSD.MINI.IP,1.34495,1.34504,1.344995,1042,2s
2026-03-11T04:07:28.378Z,CS.D.EURUSD.MINI.IP,1.16288,1.16297,1.162925,452,2s
2026-03-11T04:07:28.401Z,CS.D.GBPUSD.MINI.IP,1.34495,1.34504,1.344995,297,2s
2026-03-11T04:07:28.712Z,CS.D.GBPUSD.MINI.IP,1.34495,1.34504,1.344995,507,2s
2026-03-11T04:07:29.375Z,CS.D.EURUSD.MINI.IP,1.16288,1.16297,1.162925,1028,2s
2026-03-11T04:07:31.849Z,CS.D.GBPUSD.MINI.IP,1.34495,1.34504,1.344995,339,2s
2026-03-11T04:07:31.852Z,CS.D.EURUSD.MINI.IP,1.16288,1.16297,1.162925,783,2s
2026-03-11T04:07:32.794Z,CS.D.EURUSD.MINI.IP,1.16289,1.16298,1.162935,708,2s
2026-03-11T04:07:32.941Z,CS.D.EURUSD.MINI.IP,1.16289,1.16298,1.162935,304,2s
2026-03-11T04:07:33.073Z,CS.D.EURUSD.MINI.IP,1.16289,1.16298,1.162935,154,2s
2026-03-11T04:07:33.617Z,CS.D.GBPUSD.MINI.IP,1.34495,1.34504,1.344995,754,2s
2026-03-11T04:07:33.644Z,CS.D.EURUSD.MINI.IP,1.16289,1.16298,1.162935,109,2s
2026-03-11T04:07:33.720Z,CS.D.EURUSD.MINI.IP,1.16289,1.16298,1.162935,356,2s
2026-03-11T04:07:33.790Z,CS.D.GBPUSD.MINI.IP,1.34495,1.34504,1.344995,608,2s
2026-03-11T04:07:33.813Z,CS.D.GBPUSD.MINI.IP,1.34495,1.34504,1.344995,517,2s
2026-03-11T04:07:33.827Z,CS.D.GBPUSD.MINI.IP,1.34495,1.34504,1.344995,1047,2s
2026-03-11T04:07:34.057Z,CS.D.GBPUSD.MINI.IP,1.34495,1.34504,1.344995,1024,2s
2026-03-11T04:07:34.066Z,CS.D.EURUSD.MINI.IP,1.16289,1.16298,1.162935,265,2s
2026-03-11T04:07:34.155Z,CS.D.GBPUSD.MINI.IP,1.34495,1.34504,1.344995,868,2s
2026-03-11T04:07:34.160Z,CS.D.EURUSD.MINI.IP,1.16289,1.16298,1.162935,754,2s
2026-03-11T04:07:34.164Z,CS.D.EURUSD.MINI.IP,1.16289,1.16298,1.162935,772,2s
2026-03-11T04:08:27.803Z,CS.D.GBPUSD.MINI.IP,1.34494,1.34503,1.3449849999999999,930,2s
2026-03-11T04:08:28.240Z,CS.D.EURUSD.MINI.IP,1.1629,1.16299,1.1629450000000001,516,2s
2026-03-11T04:08:28.636Z,CS.D.EURUSD.MINI.IP,1.1629,1.16299,1.1629450000000001,585,2s
2026-03-11T04:08:28.741Z,CS.D.EURUSD.MINI.IP,1.1629,1.16299,1.1629450000000001,376,2s
2026-03-11T04:08:29.474Z,CS.D.GBPUSD.MINI.IP,1.34494,1.34503,1.3449849999999999,552,2s
2026-03-11T04:08:29.495Z,CS.D.GBPUSD.MINI.IP,1.34494,1.34503,1.3449849999999999,472,2s
2026-03-11T04:08:29.540Z,CS.D.GBPUSD.MINI.IP,1.34494,1.34503,1.3449849999999999,601,2s
2026-03-11T04:08:29.630Z,CS.D.EURUSD.MINI.IP,1.1629,1.16299,1.1629450000000001,511,2s
2026-03-11T04:08:29.933Z,CS.D.EURUSD.MINI.IP,1.1629,1.16299,1.1629450000000001,787,2s
2026-03-11T04:08:29.946Z,CS.D.GBPUSD.MINI.IP,1.34494,1.34503,1.3449849999999999,135,2s
2026-03-11T04:08:30.264Z,CS.D.GBPUSD.MINI.IP,1.34494,1.34503,1.3449849999999999,899,2s
2026-03-11T04:08:30.910Z,CS.D.EURUSD.MINI.IP,1.1629,1.16299,1.1629450000000001,509,2s
2026-03-11T04:08:30.994Z,CS.D.EURUSD.MINI.IP,1.1629,1.16299,1.1629450000000001,824,2s
2026-03-11T04:08:31.156Z,CS.D.EURUSD.MINI.IP,1.1629,1.16299,1.1629450000000001,1075,2s
2026-03-11T04:08:31.243Z,CS.D.GBPUSD.MINI.IP,1.34494,1.34503,1.3449849999999999,652,2s
2026-03-11T04:08:31.344Z,CS.D.GBPUSD.MINI.IP,1.34494,1.34503,1.3449849999999999,1019,2s
2026-03-11T04:08:31.500Z,CS.D.GBPUSD.MINI.IP,1.34494,1.34503,1.3449849999999999,985,2s
2026-03-11T04:08:32.595Z,CS.D.EURUSD.MINI.IP,1.16289,1.16298,1.162935,162,2s
2026-03-11T04:08:32.935Z,CS.D.GBPUSD.MINI.IP,1.34496,1.34505,1.345005,273,2s
2026-03-11T04:08:32.959Z,CS.D.EURUSD.MINI.IP,1.1629,1.16299,1.1629450000000001,418,2s
2026-03-11T04:08:33.295Z,CS.D.GBPUSD.MINI.IP,1.34496,1.34505,1.345005,230,2s
2026-03-11T04:08:33.972Z,CS.D.EURUSD.MINI.IP,1.1629,1.16299,1.1629450000000001,416,2s
2026-03-11T04:08:34.042Z,CS.D.EURUSD.MINI.IP,1.1629,1.16299,1.1629450000000001,138,2s
2026-03-11T04:08:34.170Z,CS.D.EURUSD.MINI.IP,1.1629,1.16299,1.1629450000000001,770,2s
2026-03-11T04:08:38.024Z,CS.D.GBPUSD.MINI.IP,1.34498,1.34507,1.3450250000000001,183,2s
2026-03-11T04:08:38.034Z,CS.D.GBPUSD.MINI.IP,1.34498,1.34507,1.3450250000000001,995,2s
2026-03-11T04:08:38.044Z,CS.D.GBPUSD.MINI.IP,1.34498,1.34507,1.3450250000000001,911,2s
2026-03-11T04:08:39.214Z,CS.D.EURUSD.MINI.IP,1.16291,1.163,1.1629550000000002,374,2s
2026-03-11T04:08:39.228Z,CS.D.EURUSD.MINI.IP,1.16291,1.163,1.1629550000000002,634,2s
2026-03-11T04:09:29.347Z,CS.D.GBPUSD.MINI.IP,1.34488,1.34497,1.344925,737,2s
2026-03-11T04:09:29.623Z,CS.D.GBPUSD.MINI.IP,1.34488,1.34497,1.344925,568,2s
2026-03-11T04:09:29.812Z,CS.D.GBPUSD.MINI.IP,1.34488,1.34497,1.344925,718,2s
2026-03-11T04:09:30.274Z,CS.D.EURUSD.MINI.IP,1.1629,1.16299,1.1629450000000001,360,2s
2026-03-11T04:09:30.336Z,CS.D.EURUSD.MINI.IP,1.1629,1.16299,1.1629450000000001,110,2s
2026-03-11T04:09:30.950Z,CS.D.GBPUSD.MINI.IP,1.34488,1.34497,1.344925,217,2s
2026-03-11T04:09:31.098Z,CS.D.GBPUSD.MINI.IP,1.34488,1.34497,1.344925,863,2s
2026-03-11T04:09:31.237Z,CS.D.EURUSD.MINI.IP,1.1629,1.16299,1.1629450000000001,545,2s
2026-03-11T04:09:31.560Z,CS.D.GBPUSD.MINI.IP,1.34488,1.34497,1.344925,1098,2s
2026-03-11T04:09:31.571Z,CS.D.EURUSD.MINI.IP,1.1629,1.16299,1.1629450000000001,623,2s
2026-03-11T04:09:31.583Z,CS.D.EURUSD.MINI.IP,1.1629,1.16299,1.1629450000000001,858,2s
2026-03-11T04:09:31.599Z,CS.D.EURUSD.MINI.IP,1.1629,1.16299,1.1629450000000001,681,2s
2026-03-11T04:09:31.674Z,CS.D.EURUSD.MINI.IP,1.1629,1.16299,1.1629450000000001,465,2s
2026-03-11T04:09:31.683Z,CS.D.EURUSD.MINI.IP,1.1629,1.16299,1.1629450000000001,939,2s
2026-03-11T04:09:31.702Z,CS.D.EURUSD.MINI.IP,1.1629,1.16299,1.1629450000000001,1012,2s
2026-03-11T04:09:31.860Z,CS.D.EURUSD.MINI.IP,1.1629,1.16299,1.1629450000000001,880,2s
2026-03-11T04:09:31.899Z,CS.D.GBPUSD.MINI.IP,1.34488,1.34497,1.344925,763,2s
2026-03-11T04:09:31.915Z,CS.D.GBPUSD.MINI.IP,1.34488,1.34497,1.344925,270,2s
2026-03-11T04:09:31.934Z,CS.D.GBPUSD.MINI.IP,1.34488,1.34497,1.344925,948,2s
2026-03-11T04:09:32.087Z,CS.D.GBPUSD.MINI.IP,1.34488,1.34497,1.344925,197,2s
2026-03-11T04:09:32.096Z,CS.D.GBPUSD.MINI.IP,1.34488,1.34497,1.344925,808,2s
2026-03-11T04:13:13.622Z,CS.D.EURUSD.MINI.IP,1.16291,1.163,1.1629550000000002,105,2s
2026-03-11T04:13:13.773Z,CS.D.EURUSD.MINI.IP,1.16291,1.163,1.1629550000000002,533,2s
2026-03-11T04:13:13.799Z,CS.D.EURUSD.MINI.IP,1.16291,1.163,1.1629550000000002,1056,2s
2026-03-11T04:13:13.975Z,CS.D.GBPUSD.MINI.IP,1.34485,1.34494,1.3448950000000002,339,2s
2026-03-11T04:13:14.109Z,CS.D.GBPUSD.MINI.IP,1.34484,1.34493,1.344885,961,2s
2026-03-11T04:13:14.139Z,CS.D.GBPUSD.MINI.IP,1.34484,1.34493,1.344885,364,2s
2026-03-11T04:13:15.578Z,CS.D.EURUSD.MINI.IP,1.16291,1.163,1.1629550000000002,903,2s
2026-03-11T04:13:15.915Z,CS.D.GBPUSD.MINI.IP,1.34484,1.34493,1.344885,252,2s
2026-03-11T04:13:16.642Z,CS.D.EURUSD.MINI.IP,1.16291,1.163,1.1629550000000002,181,2s
2026-03-11T04:13:16.977Z,CS.D.GBPUSD.MINI.IP,1.34485,1.34494,1.3448950000000002,962,2s
2026-03-11T04:13:18.643Z,CS.D.EURUSD.MINI.IP,1.16291,1.163,1.1629550000000002,940,2s
2026-03-11T04:13:18.989Z,CS.D.GBPUSD.MINI.IP,1.34485,1.34494,1.3448950000000002,366,2s
2026-03-11T04:13:19.720Z,CS.D.EURUSD.MINI.IP,1.16291,1.163,1.1629550000000002,149,2s
2026-03-11T04:13:19.826Z,CS.D.EURUSD.MINI.IP,1.16291,1.163,1.1629550000000002,409,2s
2026-03-11T04:13:19.830Z,CS.D.EURUSD.MINI.IP,1.16291,1.163,1.1629550000000002,258,2s
2026-03-11T04:13:20.196Z,CS.D.GBPUSD.MINI.IP,1.34485,1.34494,1.3448950000000002,771,2s
2026-03-11T04:13:20.352Z,CS.D.GBPUSD.MINI.IP,1.34485,1.34494,1.3448950000000002,583,2s
2026-03-11T04:13:20.369Z,CS.D.GBPUSD.MINI.IP,1.34485,1.34494,1.3448950000000002,740,2s
2026-03-11T04:13:21.308Z,CS.D.EURUSD.MINI.IP,1.16291,1.163,1.1629550000000002,695,2s
2026-03-11T04:13:21.663Z,CS.D.GBPUSD.MINI.IP,1.34485,1.34494,1.3448950000000002,577,2s
2026-03-11T04:13:21.708Z,CS.D.EURUSD.MINI.IP,1.16291,1.163,1.1629550000000002,419,2s
2026-03-11T04:13:22.049Z,CS.D.GBPUSD.MINI.IP,1.34485,1.34494,1.3448950000000002,144,2s
2026-03-11T04:13:24.720Z,CS.D.EURUSD.MINI.IP,1.16291,1.163,1.1629550000000002,941,2s
2026-03-11T04:13:25.173Z,CS.D.GBPUSD.MINI.IP,1.34487,1.34496,1.3449149999999999,247,2s
2026-03-11T04:13:25.747Z,CS.D.EURUSD.MINI.IP,1.16291,1.163,1.1629550000000002,839,2s
2026-03-11T04:13:25.805Z,CS.D.EURUSD.MINI.IP,1.16291,1.163,1.1629550000000002,284,2s
2026-03-11T04:13:25.841Z,CS.D.EURUSD.MINI.IP,1.16291,1.163,1.1629550000000002,515,2s
2026-03-11T04:13:26.094Z,CS.D.GBPUSD.MINI.IP,1.34487,1.34496,1.3449149999999999,916,2s
2026-03-11T04:13:56.191Z,CS.D.EURUSD.MINI.IP,1.16295,1.16304,1.162995,230,2s
2026-03-11T04:13:56.556Z,CS.D.GBPUSD.MINI.IP,1.3449,1.34499,1.344945,227,2s
2026-03-11T04:13:57.418Z,CS.D.EURUSD.MINI.IP,1.16293,1.16302,1.1629749999999999,757,2s
2026-03-11T04:13:57.758Z,CS.D.GBPUSD.MINI.IP,1.34492,1.34501,1.344965,600,2s
2026-03-11T04:13:59.722Z,CS.D.EURUSD.MINI.IP,1.16296,1.16305,1.163005,796,2s
2026-03-11T04:14:00.137Z,CS.D.GBPUSD.MINI.IP,1.34491,1.345,1.3449550000000001,900,2s
2026-03-11T04:14:02.351Z,CS.D.EURUSD.MINI.IP,1.16294,1.16303,1.162985,386,2s
2026-03-11T04:14:02.683Z,CS.D.GBPUSD.MINI.IP,1.34488,1.34497,1.344925,1079,2s
2026-03-11T04:14:03.434Z,CS.D.EURUSD.MINI.IP,1.16294,1.16303,1.162985,350,2s
2026-03-11T04:14:03.865Z,CS.D.GBPUSD.MINI.IP,1.34488,1.34497,1.344925,213,2s
2026-03-11T04:14:07.924Z,CS.D.EURUSD.MINI.IP,1.16297,1.16306,1.1630150000000001,501,2s
2026-03-11T04:14:07.947Z,CS.D.EURUSD.MINI.IP,1.16297,1.16306,1.1630150000000001,502,2s
2026-03-11T04:14:08.254Z,CS.D.GBPUSD.MINI.IP,1.34498,1.34507,1.3450250000000001,153,2s
2026-03-11T04:14:08.298Z,CS.D.GBPUSD.MINI.IP,1.34498,1.34507,1.3450250000000001,208,2s
2026-03-11T04:14:09.453Z,CS.D.EURUSD.MINI.IP,1.16301,1.1631,1.163055,408,2s
2026-03-11T04:14:09.854Z,CS.D.GBPUSD.MINI.IP,1.34499,1.34508,1.345035,570,2s
2026-03-11T04:14:20.225Z,CS.D.EURUSD.MINI.IP,1.16305,1.16314,1.163095,827,2s
2026-03-11T04:14:20.584Z,CS.D.GBPUSD.MINI.IP,1.34506,1.34515,1.345105,1020,2s
2026-03-11T04:14:23.236Z,CS.D.EURUSD.MINI.IP,1.16305,1.16314,1.163095,864,2s
2026-03-11T04:14:23.257Z,CS.D.EURUSD.MINI.IP,1.16305,1.16314,1.163095,163,2s
2026-03-11T04:14:23.568Z,CS.D.GBPUSD.MINI.IP,1.34504,1.34513,1.345085,733,2s
2026-03-11T04:14:23.617Z,CS.D.GBPUSD.MINI.IP,1.34504,1.34513,1.345085,691,2s
2026-03-11T04:14:26.682Z,CS.D.EURUSD.MINI.IP,1.16306,1.16315,1.1631049999999998,313,2s
2026-03-11T04:14:27.029Z,CS.D.GBPUSD.MINI.IP,1.34504,1.34513,1.345085,812,2s
2026-03-11T04:14:29.992Z,CS.D.EURUSD.MINI.IP,1.16306,1.16315,1.1631049999999998,214,2s
2026-03-11T04:14:30.469Z,CS.D.GBPUSD.MINI.IP,1.34504,1.34513,1.345085,593,2s
2026-03-11T04:16:38.634Z,CS.D.EURUSD.MINI.IP,1.16307,1.16316,1.163115,340,2s
2026-03-11T04:16:38.961Z,CS.D.GBPUSD.MINI.IP,1.345,1.34509,1.3450449999999998,518,2s
2026-03-11T04:16:44.317Z,CS.D.EURUSD.MINI.IP,1.16307,1.16316,1.163115,1057,2s
2026-03-11T04:16:44.652Z,CS.D.GBPUSD.MINI.IP,1.345,1.34509,1.3450449999999998,421,2s
2026-03-11T04:16:44.678Z,CS.D.EURUSD.MINI.IP,1.16307,1.16316,1.163115,1038,2s
2026-03-11T04:16:45.099Z,CS.D.GBPUSD.MINI.IP,1.345,1.34509,1.3450449999999998,643,2s
2026-03-11T04:16:45.295Z,CS.D.EURUSD.MINI.IP,1.16307,1.16316,1.163115,474,2s
2026-03-11T04:16:45.640Z,CS.D.GBPUSD.MINI.IP,1.345,1.34509,1.3450449999999998,130,2s
2026-03-11T04:16:46.268Z,CS.D.EURUSD.MINI.IP,1.16307,1.16316,1.163115,407,2s
2026-03-11T04:16:46.655Z,CS.D.GBPUSD.MINI.IP,1.34501,1.3451,1.345055,475,2s
2026-03-11T04:16:49.271Z,CS.D.EURUSD.MINI.IP,1.16308,1.16317,1.163125,807,2s
2026-03-11T04:16:49.605Z,CS.D.GBPUSD.MINI.IP,1.345,1.34509,1.3450449999999998,258,2s
2026-03-11T04:16:50.333Z,CS.D.EURUSD.MINI.IP,1.16308,1.16317,1.163125,517,2s
2026-03-11T04:16:50.662Z,CS.D.EURUSD.MINI.IP,1.16308,1.16317,1.163125,982,2s
2026-03-11T04:16:50.681Z,CS.D.GBPUSD.MINI.IP,1.345,1.34509,1.3450449999999998,528,2s
2026-03-11T04:16:50.686Z,CS.D.EURUSD.MINI.IP,1.16308,1.16317,1.163125,990,2s
